,09:14:00,9041,9041,9041,50,50,
,09:14:00,9041,9041,9041,50,50,
,09:15:00,9041,9041,9041,52,2,
,09:15:00,9050,9037,9038,65,13,
,09:15:01,9050,9037,9043,69,4,
,09:15:01,9050,9035,9038,92,23,
,09:15:02,9050,9035,9038,92,23,
,09:15:02,9050,9035,9039,102,10,
,09:15:03,9050,9035,9038,120,18,
,09:15:04,9050,9035,9038,120,18,
,09:15:04,9050,9035,9044,124,4,
,09:15:05,9050,9035,9044,125,1,
,09:15:05,9050,9035,9046,159,34,
,09:15:06,9050,9035,9046,159,34,
,09:15:06,9050,9035,9047,179,20,
,09:15:07,9050,9035,9042,183,4,
,09:15:08,9050,9035,9045,184,1,
,09:15:08,9050,9035,9043,187,3,
,09:15:09,9050,9035,9040,188,1,
,09:15:09,9050,9035,9043,191,3,
,09:15:10,9050,9035,9042,194,3,
,09:15:11,9050,9035,9043,198,4,
,09:15:12,9050,9035,9043,198,4,
,09:15:12,9050,9035,9042,201,3,
,09:15:13,9050,9035,9043,202,1,
,09:15:13,9050,9035,9042,204,2,
,09:15:14,9050,9035,9039,208,4,
,09:15:15,9050,9035,9039,208,4,
,09:15:16,9050,9035,9039,208,4,
,09:15:16,9050,9035,9039,208,4,
,09:15:18,9050,9035,9038,212,4,
,09:15:19,9050,9035,9038,212,4,
,09:15:19,9050,9035,9041,213,1,
,09:15:20,9050,9035,9041,213,1,
,09:15:20,9050,9035,9040,214,1,
,09:15:21,9050,9035,9040,215,1,
,09:15:21,9050,9035,9038,249,34,
,09:15:22,9050,9035,9038,249,34,
,09:15:22,9050,9035,9041,253,4,
,09:15:23,9050,9035,9038,254,1,
,09:15:24,9050,9035,9038,254,1,
,09:15:24,9050,9035,9038,258,4,
,09:15:25,9050,9035,9038,258,4,
,09:15:26,9050,9035,9037,263,5,
,09:15:27,9050,9035,9035,265,2,
,09:15:28,9050,9035,9035,265,2,
,09:15:29,9050,9035,9035,265,2,
,09:15:29,9050,9035,9037,272,7,
,09:15:30,9050,9035,9035,276,4,
,09:15:31,9050,9035,9035,276,4,
,09:15:31,9050,9035,9038,277,1,
,09:15:32,9050,9035,9038,277,1,
,09:15:32,9050,9035,9040,282,5,
,09:15:33,9050,9035,9040,282,5,
,09:15:33,9050,9035,9039,283,1,
,09:15:34,9050,9035,9040,286,3,
,09:15:35,9050,9035,9040,286,3,
,09:15:36,9050,9035,9038,288,2,
,09:15:37,9050,9035,9038,288,2,
,09:15:37,9050,9035,9038,288,2,
,09:15:38,9050,9035,9038,288,2,
,09:15:39,9050,9035,9035,309,21,
,09:15:40,9050,9035,9035,310,1,
,09:15:41,9050,9033,9033,315,5,
,09:15:42,9050,9033,9033,315,5,
,09:15:42,9050,9033,9036,321,6,
,09:15:43,9050,9033,9036,321,6,
,09:15:43,9050,9033,9037,322,1,
,09:15:44,9050,9033,9038,332,10,
,09:15:45,9050,9033,9038,332,10,
,09:15:46,9050,9033,9038,332,10,
,09:15:46,9050,9033,9038,333,1,
,09:15:47,9050,9033,9041,342,9,
,09:15:48,9050,9033,9042,343,1,
,09:15:49,9050,9033,9042,346,3,
,09:15:49,9050,9033,9043,367,21,
,09:15:50,9050,9033,9043,367,21,
,09:15:51,9050,9033,9042,368,1,
,09:15:52,9050,9033,9042,368,1,
,09:15:52,9050,9033,9045,388,20,
,09:15:53,9050,9033,9045,388,20,
,09:15:54,9050,9033,9045,388,20,
,09:15:54,9050,9033,9044,389,1,
,09:15:55,9050,9033,9044,389,1,
,09:15:55,9050,9033,9045,390,1,
,09:15:56,9050,9033,9045,390,1,
,09:15:57,9050,9033,9045,390,1,
,09:15:57,9050,9033,9045,396,6,
,09:15:58,9050,9033,9047,404,8,
,09:15:59,9050,9033,9046,405,1,
,09:16:00,9047,9047,9047,406,1,
,09:16:00,9051,9047,9051,439,33,
,09:16:01,9051,9047,9051,439,33,
,09:16:01,9052,9047,9052,443,4,
,09:16:02,9052,9047,9052,444,1,
,09:16:02,9053,9047,9053,449,5,
,09:16:03,9053,9047,9052,450,1,
,09:16:03,9056,9047,9056,461,11,
,09:16:04,9056,9047,9055,473,12,
,09:16:05,9056,9047,9054,480,7,
,09:16:06,9056,9047,9052,504,24,
,09:16:07,9056,9047,9052,505,1,
,09:16:07,9056,9047,9051,508,3,
,09:16:08,9056,9047,9051,509,1,
,09:16:08,9056,9047,9051,511,2,
,09:16:09,9056,9047,9051,512,1,
,09:16:09,9056,9047,9052,514,2,
,09:16:10,9056,9047,9053,525,11,
,09:16:11,9056,9047,9053,525,11,
,09:16:11,9056,9047,9055,528,3,
,09:16:12,9056,9047,9056,529,1,
,09:16:12,9056,9047,9054,531,2,
,09:16:13,9056,9047,9054,538,7,
,09:16:14,9056,9047,9054,539,1,
,09:16:15,9056,9047,9054,539,1,
,09:16:15,9056,9047,9052,541,2,
,09:16:16,9056,9047,9053,543,2,
,09:16:17,9056,9047,9053,543,2,
,09:16:17,9056,9047,9049,560,17,
,09:16:18,9056,9047,9050,561,1,
,09:16:19,9056,9047,9048,562,1,
,09:16:19,9056,9047,9047,564,2,
,09:16:20,9056,9047,9047,568,4,
,09:16:22,9056,9047,9048,569,1,
,09:16:22,9056,9047,9050,572,3,
,09:16:23,9056,9047,9050,572,3,
,09:16:24,9056,9047,9051,575,3,
,09:16:25,9056,9047,9055,587,12,
,09:16:26,9056,9047,9054,593,6,
,09:16:27,9056,9047,9054,593,6,
,09:16:27,9056,9047,9055,594,1,
,09:16:28,9056,9047,9056,595,1,
,09:16:28,9056,9047,9056,598,3,
,09:16:29,9057,9047,9057,599,1,
,09:16:29,9058,9047,9057,603,4,
,09:16:30,9059,9047,9059,604,1,
,09:16:30,9059,9047,9059,607,3,
,09:16:31,9059,9047,9059,607,3,
,09:16:31,9060,9047,9058,612,5,
,09:16:32,9060,9047,9059,616,4,
,09:16:33,9060,9047,9059,616,4,
,09:16:34,9060,9047,9057,617,1,
,09:16:34,9060,9047,9057,620,3,
,09:16:35,9060,9047,9057,621,1,
,09:16:35,9060,9047,9055,623,2,
,09:16:36,9060,9047,9050,629,6,
,09:16:37,9060,9047,9050,629,6,
,09:16:37,9060,9047,9053,637,8,
,09:16:38,9060,9047,9053,637,8,
,09:16:38,9060,9047,9056,643,6,
,09:16:39,9060,9047,9056,643,6,
,09:16:39,9060,9047,9055,649,6,
,09:16:40,9060,9047,9055,649,6,
,09:16:40,9060,9047,9057,651,2,
,09:16:41,9060,9047,9057,651,2,
,09:16:41,9060,9047,9058,656,5,
,09:16:42,9060,9047,9058,656,5,
,09:16:42,9060,9047,9059,658,2,
,09:16:44,9061,9047,9061,670,12,
,09:16:45,9061,9047,9060,681,11,
,09:16:46,9061,9047,9060,681,11,
,09:16:46,9061,9047,9058,684,3,
,09:16:47,9061,9047,9058,684,3,
,09:16:47,9061,9047,9059,690,6,
,09:16:48,9061,9047,9058,691,1,
,09:16:48,9061,9047,9057,694,3,
,09:16:49,9061,9047,9057,694,3,
,09:16:50,9061,9047,9057,694,3,
,09:16:51,9061,9047,9057,695,1,
,09:16:52,9061,9047,9057,695,1,
,09:16:52,9061,9047,9060,708,13,
,09:16:53,9061,9047,9060,708,13,
,09:16:54,9061,9047,9061,710,2,
,09:16:54,9063,9047,9062,725,15,
,09:16:55,9063,9047,9061,726,1,
,09:16:55,9063,9047,9062,728,2,
,09:16:56,9063,9047,9062,728,2,
,09:16:56,9063,9047,9059,789,61,
,09:16:57,9063,9047,9059,789,61,
,09:16:57,9063,9047,9057,791,2,
,09:16:58,9063,9047,9058,793,2,
,09:16:58,9063,9047,9058,794,1,
,09:16:59,9063,9047,9058,794,1,
,09:17:00,9056,9056,9056,795,1,
,09:17:00,9058,9056,9058,810,15,
,09:17:01,9058,9056,9058,810,15,
,09:17:01,9059,9056,9059,812,2,
,09:17:02,9060,9056,9060,813,1,
,09:17:02,9060,9056,9059,816,3,
,09:17:03,9060,9056,9059,816,3,
,09:17:04,9060,9056,9059,816,3,
,09:17:04,9060,9056,9059,820,4,
,09:17:05,9060,9056,9058,824,4,
,09:17:06,9060,9054,9054,828,4,
,09:17:07,9060,9054,9054,830,2,
,09:17:08,9060,9054,9054,830,2,
,09:17:09,9060,9054,9054,830,2,
,09:17:09,9060,9054,9055,831,1,
,09:17:10,9060,9054,9055,833,2,
,09:17:11,9060,9054,9055,833,2,
,09:17:11,9060,9054,9055,838,5,
,09:17:12,9060,9054,9055,838,5,
,09:17:12,9060,9054,9057,841,3,
,09:17:13,9060,9054,9056,846,5,
,09:17:14,9060,9054,9056,846,5,
,09:17:14,9060,9054,9056,847,1,
,09:17:15,9060,9054,9056,847,1,
,09:17:16,9060,9054,9057,850,3,
,09:17:17,9060,9054,9057,850,3,
,09:17:18,9060,9054,9057,850,3,
,09:17:19,9060,9054,9057,851,1,
,09:17:19,9060,9054,9056,852,1,
,09:17:20,9060,9054,9056,852,1,
,09:17:20,9060,9054,9054,863,11,
,09:17:21,9060,9054,9054,863,11,
,09:17:22,9060,9054,9054,863,11,
,09:17:24,9060,9054,9054,863,11,
,09:17:25,9060,9052,9052,865,2,
,09:17:27,9060,9051,9051,867,2,
,09:17:28,9060,9051,9051,867,2,
,09:17:28,9060,9051,9051,871,4,
,09:17:29,9060,9051,9052,872,1,
,09:17:30,9060,9051,9052,872,1,
,09:17:31,9060,9050,9050,874,2,
,09:17:31,9060,9050,9050,874,2,
,09:17:32,9060,9050,9050,876,2,
,09:17:33,9060,9050,9052,880,4,
,09:17:34,9060,9050,9052,881,1,
,09:17:34,9060,9050,9052,890,9,
,09:17:36,9060,9050,9052,892,2,
,09:17:36,9060,9050,9053,897,5,
,09:17:37,9060,9050,9054,898,1,
,09:17:38,9060,9050,9054,898,1,
,09:17:39,9060,9050,9054,898,1,
,09:17:39,9060,9050,9054,898,1,
,09:17:40,9060,9050,9054,898,1,
,09:17:40,9060,9050,9054,898,1,
,09:17:42,9060,9050,9054,898,1,
,09:17:46,9060,9050,9054,898,1,
,09:17:47,9060,9050,9053,901,3,
,09:17:47,9060,9050,9053,901,3,
,09:17:51,9060,9050,9053,901,3,
,09:17:52,9060,9050,9053,908,7,
,09:17:52,9060,9050,9053,909,1,
,09:17:53,9060,9050,9053,909,1,
,09:17:53,9060,9050,9053,909,1,
,09:17:54,9060,9050,9053,910,1,
,09:17:55,9060,9050,9053,914,4,
,09:17:56,9060,9050,9053,914,4,
,09:17:57,9060,9050,9053,914,4,
,09:17:57,9060,9050,9051,973,59,
,09:17:58,9060,9050,9050,977,4,
,09:17:59,9060,9050,9050,977,4,
,09:18:00,9050,9050,9050,977,4,
,09:18:00,9051,9050,9051,979,2,
,09:18:01,9052,9050,9052,982,3,
,09:18:02,9052,9050,9052,983,1,
,09:18:05,9054,9050,9054,985,2,
,09:18:05,9054,9050,9054,985,2,
,09:18:07,9055,9050,9055,986,1,
,09:18:08,9055,9050,9055,986,1,
,09:18:09,9055,9050,9055,986,1,
,09:18:11,9055,9050,9053,990,4,
,09:18:12,9055,9050,9053,991,1,
,09:18:13,9055,9050,9053,991,1,
,09:18:13,9055,9050,9053,991,1,
,09:18:14,9055,9050,9053,991,1,
,09:18:15,9055,9050,9053,991,1,
,09:18:17,9055,9050,9053,991,1,
,09:18:17,9055,9050,9052,992,1,
,09:18:18,9055,9050,9052,993,1,
,09:18:18,9055,9050,9053,997,4,
,09:18:19,9055,9050,9053,997,4,
,09:18:19,9055,9050,9053,998,1,
,09:18:20,9055,9050,9053,999,1,
,09:18:20,9055,9050,9051,1005,6,
,09:18:22,9055,9050,9051,1005,6,
,09:18:22,9055,9050,9052,1009,4,
,09:18:23,9055,9050,9054,1011,2,
,09:18:23,9055,9050,9054,1012,1,
,09:18:24,9055,9050,9055,1013,1,
,09:18:24,9055,9050,9054,1015,2,
,09:18:25,9055,9050,9054,1017,2,
,09:18:27,9055,9050,9054,1017,2,
,09:18:27,9055,9050,9054,1019,2,
,09:18:28,9055,9050,9054,1019,2,
,09:18:28,9055,9050,9054,1020,1,
,09:18:30,9055,9050,9054,1020,1,
,09:18:30,9055,9050,9054,1021,1,
,09:18:31,9055,9050,9054,1021,1,
,09:18:32,9055,9050,9054,1021,1,
,09:18:32,9055,9050,9054,1022,1,
,09:18:33,9055,9050,9055,1029,7,
,09:18:34,9055,9050,9053,1034,5,
,09:18:34,9055,9050,9054,1035,1,
,09:18:35,9055,9050,9054,1035,1,
,09:18:38,9055,9050,9054,1035,1,
,09:18:38,9055,9050,9052,1038,3,
,09:18:39,9055,9050,9052,1038,3,
,09:18:39,9055,9050,9051,1039,1,
,09:18:41,9055,9050,9051,1039,1,
,09:18:42,9055,9050,9051,1039,1,
,09:18:43,9055,9050,9051,1040,1,
,09:18:44,9055,9050,9051,1045,5,
,09:18:45,9055,9050,9051,1045,5,
,09:18:46,9055,9050,9051,1045,5,
,09:18:46,9055,9050,9051,1048,3,
,09:18:47,9055,9050,9051,1048,3,
,09:18:48,9055,9050,9053,1055,7,
,09:18:49,9055,9050,9053,1055,7,
,09:18:49,9055,9050,9051,1068,13,
,09:18:50,9055,9050,9051,1068,13,
,09:18:50,9055,9050,9052,1069,1,
,09:18:51,9055,9050,9052,1069,1,
,09:18:51,9055,9050,9052,1072,3,
,09:18:52,9055,9050,9052,1072,3,
,09:18:52,9055,9050,9051,1078,6,
,09:18:53,9055,9050,9051,1078,6,
,09:18:53,9055,9050,9050,1080,2,
,09:18:54,9055,9050,9050,1080,2,
,09:18:54,9055,9049,9050,1086,6,
,09:18:55,9055,9049,9050,1086,6,
,09:18:55,9055,9049,9050,1086,6,
,09:18:56,9055,9048,9048,1094,8,
,09:18:57,9055,9048,9050,1096,2,
,09:18:58,9055,9048,9050,1096,2,
,09:18:58,9055,9048,9049,1098,2,
,09:18:59,9055,9048,9051,1106,8,
,09:19:01,9052,9052,9052,1110,4,
,09:19:01,9052,9051,9051,1117,7,
,09:19:02,9053,9051,9051,1131,14,
,09:19:03,9053,9051,9051,1137,6,
,09:19:04,9053,9051,9051,1142,5,
,09:19:05,9053,9051,9051,1142,5,
,09:19:05,9053,9051,9051,1153,11,
,09:19:06,9053,9051,9051,1153,11,
,09:19:08,9053,9051,9052,1154,1,
,09:19:08,9053,9051,9052,1157,3,
,09:19:09,9053,9051,9052,1157,3,
,09:19:09,9053,9051,9051,1161,4,
,09:19:10,9053,9051,9051,1161,4,
,09:19:11,9053,9051,9051,1161,4,
,09:19:11,9053,9051,9052,1168,7,
,09:19:12,9053,9051,9052,1169,1,
,09:19:13,9053,9051,9052,1169,1,
,09:19:16,9053,9051,9052,1169,1,
,09:19:16,9053,9051,9053,1175,6,
,09:19:17,9053,9051,9053,1175,6,
,09:19:17,9054,9051,9054,1176,1,
,09:19:18,9054,9051,9054,1176,1,
,09:19:18,9054,9051,9054,1177,1,
,09:19:19,9054,9051,9054,1177,1,
,09:19:19,9054,9051,9053,1181,4,
,09:19:20,9054,9051,9053,1181,4,
,09:19:20,9054,9051,9054,1183,2,
,09:19:21,9055,9051,9055,1184,1,
,09:19:22,9055,9051,9055,1184,1,
,09:19:23,9055,9051,9055,1184,1,
,09:19:23,9055,9051,9055,1185,1,
,09:19:24,9055,9051,9055,1185,1,
,09:19:24,9055,9051,9054,1188,3,
,09:19:25,9055,9051,9054,1188,3,
,09:19:25,9055,9051,9054,1188,3,
,09:19:26,9055,9051,9054,1188,3,
,09:19:27,9055,9051,9055,1201,13,
,09:19:28,9055,9051,9055,1201,13,
,09:19:29,9055,9051,9055,1202,1,
,09:19:29,9055,9051,9055,1202,1,
,09:19:30,9055,9051,9055,1202,1,
,09:19:30,9055,9051,9055,1205,3,
,09:19:31,9055,9051,9055,1205,3,
,09:19:32,9055,9051,9055,1205,3,
,09:19:34,9055,9051,9055,1205,3,
,09:19:34,9056,9051,9056,1207,2,
,09:19:35,9057,9051,9057,1208,1,
,09:19:35,9057,9051,9057,1211,3,
,09:19:36,9057,9051,9056,1213,2,
,09:19:37,9057,9051,9056,1214,1,
,09:19:38,9057,9051,9057,1219,5,
,09:19:39,9057,9051,9057,1219,5,
,09:19:40,9057,9051,9057,1219,5,
,09:19:40,9058,9051,9058,1250,31,
,09:19:41,9058,9051,9058,1251,1,
,09:19:41,9058,9051,9057,1253,2,
,09:19:42,9058,9051,9057,1253,2,
,09:19:42,9058,9051,9057,1253,2,
,09:19:43,9058,9051,9057,1254,1,
,09:19:43,9058,9051,9056,1255,1,
,09:19:44,9058,9051,9056,1263,8,
,09:19:45,9058,9051,9056,1263,8,
,09:19:46,9058,9051,9056,1265,2,
,09:19:47,9058,9051,9056,1265,2,
,09:19:47,9058,9051,9056,1265,2,
,09:19:48,9058,9051,9056,1265,2,
,09:19:48,9058,9051,9056,1265,2,
,09:19:50,9058,9051,9056,1268,3,
,09:19:51,9058,9051,9054,1271,3,
,09:19:51,9058,9051,9054,1271,3,
,09:19:53,9058,9051,9054,1271,3,
,09:19:53,9058,9051,9054,1271,3,
,09:19:55,9058,9051,9054,1271,3,
,09:19:56,9058,9051,9054,1271,3,
,09:19:57,9058,9051,9054,1271,3,
,09:19:58,9058,9051,9054,1271,3,
,09:19:59,9058,9051,9056,1277,6,
,09:20:00,9056,9056,9056,1277,6,
,09:20:00,9058,9056,9056,1286,9,
,09:20:01,9058,9056,9056,1286,9,
,09:20:02,9058,9056,9056,1286,9,
,09:20:02,9058,9056,9057,1288,2,
,09:20:03,9058,9056,9057,1290,2,
,09:20:05,9058,9056,9057,1290,2,
,09:20:05,9058,9056,9057,1290,2,
,09:20:06,9058,9056,9057,1290,2,
,09:20:06,9058,9056,9056,1295,5,
,09:20:07,9058,9055,9055,1296,1,
,09:20:07,9058,9055,9055,1296,1,
,09:20:08,9058,9055,9055,1296,1,
,09:20:10,9058,9055,9056,1297,1,
,09:20:10,9058,9055,9055,1298,1,
,09:20:12,9058,9055,9055,1298,1,
,09:20:13,9058,9055,9055,1301,3,
,09:20:13,9058,9054,9054,1310,9,
,09:20:14,9058,9054,9054,1310,9,
,09:20:15,9058,9054,9054,1310,9,
,09:20:15,9058,9054,9054,1310,9,
,09:20:16,9058,9054,9054,1310,9,
,09:20:17,9058,9054,9055,1314,4,
,09:20:18,9058,9054,9055,1314,4,
,09:20:19,9058,9054,9055,1314,4,
,09:20:20,9058,9054,9055,1314,4,
,09:20:20,9058,9054,9054,1317,3,
,09:20:21,9058,9054,9055,1319,2,
,09:20:21,9058,9054,9056,1320,1,
,09:20:22,9058,9054,9056,1320,1,
,09:20:23,9058,9054,9056,1323,3,
,09:20:24,9058,9054,9056,1323,3,
,09:20:25,9058,9054,9056,1323,3,
,09:20:27,9058,9054,9056,1336,13,
,09:20:28,9058,9054,9056,1336,13,
,09:20:28,9058,9054,9056,1338,2,
,09:20:29,9058,9054,9056,1338,2,
,09:20:29,9058,9054,9056,1338,2,
,09:20:31,9058,9054,9056,1338,2,
,09:20:31,9058,9054,9057,1339,1,
,09:20:32,9058,9054,9057,1339,1,
,09:20:33,9058,9054,9057,1339,1,
,09:20:33,9058,9054,9057,1340,1,
,09:20:34,9058,9054,9057,1340,1,
,09:20:37,9058,9054,9057,1340,1,
,09:20:38,9058,9054,9057,1340,1,
,09:20:39,9058,9054,9057,1340,1,
,09:20:39,9058,9054,9058,1344,4,
,09:20:40,9058,9054,9057,1347,3,
,09:20:40,9060,9054,9060,1363,16,
,09:20:41,9060,9054,9060,1363,16,
,09:20:41,9060,9054,9060,1363,16,
,09:20:44,9060,9054,9060,1363,16,
,09:20:44,9060,9054,9060,1363,16,
,09:20:46,9060,9054,9060,1363,16,
,09:20:46,9060,9054,9060,1364,1,
,09:20:47,9060,9054,9060,1364,1,
,09:20:48,9060,9054,9060,1364,1,
,09:20:48,9062,9054,9062,1380,16,
,09:20:49,9062,9054,9062,1380,16,
,09:20:49,9062,9054,9061,1381,1,
,09:20:50,9062,9054,9061,1381,1,
,09:20:50,9063,9054,9063,1393,12,
,09:20:51,9063,9054,9063,1393,12,
,09:20:52,9065,9054,9065,1402,9,
,09:20:53,9065,9054,9065,1422,20,
,09:20:54,9065,9054,9065,1422,20,
,09:20:55,9065,9054,9065,1422,20,
,09:20:55,9066,9054,9065,1428,6,
,09:20:56,9066,9054,9065,1430,2,
,09:20:56,9066,9054,9065,1430,2,
,09:20:57,9066,9054,9065,1430,2,
,09:20:58,9066,9054,9065,1430,2,
,09:20:58,9066,9054,9064,1433,3,
,09:20:59,9066,9054,9063,1442,9,
,09:21:00,9063,9063,9063,1442,9,
,09:21:00,9063,9063,9063,1442,9,
,09:21:01,9063,9063,9063,1442,9,
,09:21:02,9063,9063,9063,1442,9,
,09:21:02,9063,9063,9063,1443,1,
,09:21:03,9063,9063,9063,1443,1,
,09:21:04,9063,9063,9063,1443,1,
,09:21:04,9063,9062,9062,1447,4,
,09:21:05,9063,9062,9063,1448,1,
,09:21:05,9064,9062,9064,1449,1,
,09:21:06,9064,9062,9064,1449,1,
,09:21:06,9064,9062,9064,1449,1,
,09:21:07,9064,9062,9062,1482,33,
,09:21:08,9064,9062,9062,1482,33,
,09:21:09,9064,9062,9062,1484,2,
,09:21:09,9064,9062,9063,1485,1,
,09:21:10,9064,9062,9063,1485,1,
,09:21:10,9064,9062,9063,1490,5,
,09:21:11,9064,9062,9063,1490,5,
,09:21:11,9064,9062,9064,1492,2,
,09:21:12,9064,9062,9064,1495,3,
,09:21:13,9064,9062,9064,1495,3,
,09:21:13,9064,9062,9063,1497,2,
,09:21:14,9064,9062,9063,1497,2,
,09:21:14,9064,9062,9063,1498,1,
,09:21:15,9064,9062,9063,1498,1,
,09:21:15,9064,9062,9063,1498,1,
,09:21:17,9066,9062,9066,1516,18,
,09:21:18,9066,9062,9066,1516,18,
,09:21:18,9066,9062,9066,1517,1,
,09:21:19,9066,9062,9066,1517,1,
,09:21:19,9066,9062,9065,1523,6,
,09:21:20,9066,9062,9065,1525,2,
,09:21:21,9066,9062,9063,1529,4,
,09:21:22,9066,9062,9063,1530,1,
,09:21:22,9066,9062,9064,1550,20,
,09:21:23,9066,9062,9064,1552,2,
,09:21:24,9066,9062,9064,1552,2,
,09:21:24,9066,9062,9065,1553,1,
,09:21:25,9066,9062,9065,1554,1,
,09:21:26,9066,9062,9065,1554,1,
,09:21:28,9066,9062,9065,1554,1,
,09:21:29,9067,9062,9067,1555,1,
,09:21:29,9067,9062,9067,1556,1,
,09:21:30,9067,9062,9067,1556,1,
,09:21:30,9067,9062,9067,1556,1,
,09:21:31,9067,9062,9067,1556,1,
,09:21:32,9067,9062,9067,1556,1,
,09:21:32,9067,9062,9064,1559,3,
,09:21:33,9067,9062,9064,1564,5,
,09:21:34,9067,9062,9065,1565,1,
,09:21:35,9067,9062,9065,1565,1,
,09:21:35,9067,9062,9065,1566,1,
,09:21:36,9067,9062,9065,1566,1,
,09:21:38,9067,9062,9065,1566,1,
,09:21:39,9067,9062,9064,1567,1,
,09:21:39,9067,9062,9064,1568,1,
,09:21:40,9067,9062,9064,1568,1,
,09:21:41,9067,9062,9062,1572,4,
,09:21:41,9067,9062,9062,1574,2,
,09:21:42,9067,9062,9062,1574,2,
,09:21:43,9067,9062,9063,1576,2,
,09:21:43,9067,9062,9063,1576,2,
,09:21:45,9067,9062,9063,1576,2,
,09:21:45,9067,9062,9064,1578,2,
,09:21:46,9067,9062,9064,1578,2,
,09:21:47,9067,9062,9064,1578,2,
,09:21:48,9067,9061,9061,1579,1,
,09:21:49,9067,9061,9063,1580,1,
,09:21:50,9067,9061,9063,1580,1,
,09:21:50,9067,9061,9063,1590,10,
,09:21:51,9067,9061,9064,1594,4,
,09:21:52,9067,9061,9064,1594,4,
,09:21:55,9067,9061,9064,1604,10,
,09:21:56,9067,9061,9064,1604,10,
,09:21:57,9067,9061,9064,1604,10,
,09:21:58,9067,9061,9061,1609,5,
,09:21:59,9067,9060,9061,1613,4,
,09:22:00,9061,9061,9061,1613,4,
,09:22:01,9061,9061,9061,1613,4,
,09:22:01,9061,9060,9060,1614,1,
,09:22:02,9061,9060,9060,1614,1,
,09:22:02,9061,9060,9060,1619,5,
,09:22:03,9061,9060,9060,1619,5,
,09:22:03,9061,9060,9060,1620,1,
,09:22:04,9061,9058,9058,1632,12,
,09:22:05,9061,9058,9058,1632,12,
,09:22:05,9061,9058,9058,1636,4,
,09:22:06,9061,9058,9059,1637,1,
,09:22:07,9061,9058,9059,1637,1,
,09:22:07,9061,9058,9059,1638,1,
,09:22:08,9061,9058,9059,1638,1,
,09:22:09,9061,9057,9057,1639,1,
,09:22:09,9061,9057,9058,1640,1,
,09:22:10,9061,9057,9058,1641,1,
,09:22:10,9061,9057,9059,1642,1,
,09:22:13,9061,9057,9059,1642,1,
,09:22:14,9061,9057,9059,1642,1,
,09:22:15,9061,9057,9059,1642,1,
,09:22:16,9061,9057,9059,1642,1,
,09:22:16,9061,9057,9059,1642,1,
,09:22:18,9061,9057,9059,1642,1,
,09:22:18,9061,9057,9058,1644,2,
,09:22:19,9061,9057,9058,1645,1,
,09:22:20,9061,9057,9059,1650,5,
,09:22:20,9061,9057,9057,1652,2,
,09:22:21,9061,9057,9057,1652,2,
,09:22:21,9061,9057,9058,1657,5,
,09:22:22,9061,9057,9058,1657,5,
,09:22:22,9061,9056,9056,1665,8,
,09:22:23,9061,9056,9056,1666,1,
,09:22:23,9061,9055,9055,1672,6,
,09:22:24,9061,9055,9055,1672,6,
,09:22:25,9061,9055,9055,1672,6,
,09:22:25,9061,9055,9057,2323,651,
,09:22:26,9061,9055,9057,2329,6,
,09:22:27,9061,9055,9057,2333,4,
,09:22:28,9061,9055,9057,2333,4,
,09:22:28,9061,9055,9055,2334,1,
,09:22:29,9061,9055,9055,2334,1,
,09:22:30,9061,9055,9055,2334,1,
,09:22:30,9061,9055,9057,2337,3,
,09:22:31,9061,9055,9057,2337,3,
,09:22:31,9061,9055,9056,2338,1,
,09:22:32,9061,9055,9056,2338,1,
,09:22:32,9061,9055,9057,2339,1,
,09:22:33,9061,9055,9057,2339,1,
,09:22:35,9061,9055,9058,2340,1,
,09:22:35,9061,9055,9058,2341,1,
,09:22:38,9061,9055,9058,2344,3,
,09:22:39,9061,9055,9058,2344,3,
,09:22:39,9061,9055,9057,2348,4,
,09:22:40,9061,9055,9057,2348,4,
,09:22:40,9061,9055,9057,2351,3,
,09:22:41,9061,9055,9057,2351,3,
,09:22:42,9061,9055,9057,2351,3,
,09:22:46,9061,9055,9057,2351,3,
,09:22:47,9061,9055,9057,2351,3,
,09:22:47,9061,9055,9058,2355,4,
,09:22:49,9061,9055,9059,2365,10,
,09:22:50,9061,9055,9059,2365,10,
,09:22:50,9061,9055,9061,2371,6,
,09:22:51,9061,9055,9061,2371,6,
,09:22:51,9061,9055,9060,2372,1,
,09:22:52,9061,9055,9060,2372,1,
,09:22:53,9061,9055,9060,2372,1,
,09:22:53,9061,9055,9058,2377,5,
,09:22:54,9061,9055,9058,2377,5,
,09:22:55,9061,9055,9058,2377,5,
,09:22:55,9061,9055,9060,2378,1,
,09:22:56,9061,9055,9060,2378,1,
,09:22:56,9061,9055,9061,2379,1,
,09:22:57,9061,9055,9060,2380,1,
,09:22:58,9061,9055,9060,2380,1,
,09:22:58,9061,9055,9058,2381,1,
,09:22:59,9061,9055,9058,2381,1,
,09:22:59,9061,9055,9058,2382,1,
,09:23:00,9058,9058,9058,2382,1,
,09:23:00,9060,9058,9060,2383,1,
,09:23:01,9060,9058,9060,2383,1,
,09:23:02,9060,9058,9059,2385,2,
,09:23:03,9060,9058,9059,2388,3,
,09:23:04,9060,9057,9057,2391,3,
,09:23:05,9060,9057,9057,2391,3,
,09:23:06,9060,9057,9057,2391,3,
,09:23:06,9060,9056,9057,2394,3,
,09:23:07,9060,9056,9057,2395,1,
,09:23:08,9060,9056,9057,2395,1,
,09:23:08,9060,9056,9056,2396,1,
,09:23:09,9060,9056,9056,2398,2,
,09:23:10,9060,9056,9056,2399,1,
,09:23:10,9060,9055,9056,2403,4,
,09:23:11,9060,9055,9056,2403,4,
,09:23:12,9060,9055,9057,2406,3,
,09:23:12,9060,9055,9057,2407,1,
,09:23:14,9060,9055,9056,2408,1,
,09:23:15,9060,9055,9056,2408,1,
,09:23:15,9060,9055,9056,2408,1,
,09:23:16,9060,9055,9056,2408,1,
,09:23:16,9060,9055,9057,2409,1,
,09:23:17,9060,9055,9057,2410,1,
,09:23:17,9060,9055,9057,2410,1,
,09:23:19,9060,9055,9057,2410,1,
,09:23:19,9060,9055,9058,2412,2,
,09:23:20,9060,9055,9058,2412,2,
,09:23:20,9060,9055,9057,2415,3,
,09:23:21,9060,9055,9057,2415,3,
,09:23:23,9060,9055,9058,2416,1,
,09:23:23,9060,9055,9058,2417,1,
,09:23:24,9060,9055,9058,2417,1,
,09:23:25,9060,9055,9058,2417,1,
,09:23:25,9060,9055,9058,2417,1,
,09:23:27,9060,9055,9056,2422,5,
,09:23:27,9060,9055,9056,2422,5,
,09:23:29,9060,9055,9056,2422,5,
,09:23:29,9060,9055,9055,2425,3,
,09:23:30,9060,9055,9056,2426,1,
,09:23:32,9060,9055,9056,2429,3,
,09:23:33,9060,9055,9056,2430,1,
,09:23:34,9060,9055,9056,2430,1,
,09:23:35,9060,9055,9056,2430,1,
,09:23:37,9060,9055,9056,2431,1,
,09:23:37,9060,9054,9054,2432,1,
,09:23:38,9060,9054,9054,2432,1,
,09:23:39,9060,9054,9055,2433,1,
,09:23:40,9060,9054,9055,2434,1,
,09:23:40,9060,9054,9055,2434,1,
,09:23:41,9060,9054,9055,2434,1,
,09:23:42,9060,9054,9055,2434,1,
,09:23:43,9060,9054,9055,2434,1,
,09:23:44,9060,9054,9055,2434,1,
,09:23:44,9060,9054,9054,2436,2,
,09:23:47,9060,9053,9053,2439,3,
,09:23:50,9060,9053,9055,2448,9,
,09:23:51,9060,9053,9056,2451,3,
,09:23:52,9060,9053,9056,2453,2,
,09:23:52,9060,9053,9056,2457,4,
,09:23:55,9060,9053,9056,2457,4,
,09:23:56,9060,9053,9056,2457,4,
,09:23:57,9060,9053,9056,2457,4,
,09:23:58,9060,9053,9056,2457,4,
,09:23:59,9060,9053,9056,2457,4,
,09:23:59,9060,9053,9056,2457,4,
,09:24:00,9056,9056,9056,2457,4,
,09:24:01,9056,9056,9056,2457,4,
,09:24:01,9058,9056,9058,2485,28,
,09:24:02,9058,9056,9058,2486,1,
,09:24:02,9058,9056,9058,2486,1,
,09:24:03,9058,9056,9057,2493,7,
,09:24:04,9058,9056,9057,2495,2,
,09:24:05,9058,9056,9056,2496,1,
,09:24:06,9058,9056,9056,2496,1,
,09:24:07,9058,9056,9057,2497,1,
,09:24:07,9058,9056,9057,2500,3,
,09:24:08,9058,9056,9058,2501,1,
,09:24:09,9058,9056,9058,2502,1,
,09:24:12,9058,9056,9058,2502,1,
,09:24:13,9058,9056,9058,2502,1,
,09:24:14,9058,9056,9057,2504,2,
,09:24:15,9058,9056,9057,2504,2,
,09:24:20,9058,9056,9056,2509,5,
,09:24:21,9058,9056,9056,2509,5,
,09:24:23,9058,9056,9057,2510,1,
,09:24:23,9058,9056,9057,2510,1,
,09:24:25,9058,9055,9055,2513,3,
,09:24:27,9058,9055,9055,2513,3,
,09:24:27,9058,9055,9055,2514,1,
,09:24:29,9058,9055,9056,2515,1,
,09:24:32,9058,9055,9056,2515,1,
,09:24:32,9058,9054,9054,2516,1,
,09:24:33,9058,9054,9054,2521,5,
,09:24:36,9058,9054,9054,2521,5,
,09:24:36,9058,9053,9053,2522,1,
,09:24:37,9058,9053,9053,2522,1,
,09:24:37,9058,9053,9054,2524,2,
,09:24:38,9058,9053,9054,2524,2,
,09:24:38,9058,9053,9054,2524,2,
,09:24:39,9058,9053,9054,2525,1,
,09:24:40,9058,9053,9053,2526,1,
,09:24:41,9058,9053,9053,2526,1,
,09:24:41,9058,9053,9054,2530,4,
,09:24:43,9058,9053,9054,2530,4,
,09:24:43,9058,9053,9056,2541,11,
,09:24:44,9058,9053,9056,2545,4,
,09:24:44,9058,9053,9057,2546,1,
,09:24:45,9058,9053,9058,2549,3,
,09:24:46,9058,9053,9057,2550,1,
,09:24:49,9058,9053,9056,2551,1,
,09:24:50,9058,9053,9056,2551,1,
,09:24:52,9058,9053,9057,2553,2,
,09:24:53,9058,9053,9057,2553,2,
,09:24:53,9058,9053,9057,2554,1,
,09:24:54,9059,9053,9059,2561,7,
,09:24:55,9059,9053,9059,2563,2,
,09:24:56,9059,9053,9059,2563,2,
,09:24:57,9059,9053,9059,2563,2,
,09:24:57,9059,9053,9059,2565,2,
,09:24:59,9059,9053,9059,2565,2,
,09:25:00,9059,9059,9059,2567,2,
,09:25:00,9060,9059,9059,2571,4,
,09:25:02,9060,9059,9059,2571,4,
,09:25:03,9060,9059,9059,2573,2,
,09:25:03,9060,9058,9058,2577,4,
,09:25:04,9060,9058,9058,2577,4,
,09:25:04,9060,9058,9058,2577,4,
,09:25:05,9060,9058,9058,2577,4,
,09:25:05,9060,9056,9056,2578,1,
,09:25:06,9060,9056,9056,2578,1,
,09:25:06,9060,9055,9055,2579,1,
,09:25:07,9060,9055,9055,2580,1,
,09:25:07,9060,9055,9056,2585,5,
,09:25:08,9060,9055,9056,2585,5,
,09:25:08,9060,9055,9056,2585,5,
,09:25:10,9060,9054,9054,2586,1,
,09:25:11,9060,9054,9054,2586,1,
,09:25:12,9060,9054,9054,2590,4,
,09:25:13,9060,9054,9054,2590,4,
,09:25:15,9060,9054,9054,2591,1,
,09:25:15,9060,9054,9054,2591,1,
,09:25:16,9060,9054,9054,2591,1,
,09:25:16,9060,9054,9058,2603,12,
,09:25:17,9060,9054,9058,2603,12,
,09:25:17,9060,9054,9056,2604,1,
,09:25:18,9060,9054,9056,2604,1,
,09:25:19,9060,9054,9056,2604,1,
,09:25:19,9060,9054,9057,2605,1,
,09:25:20,9060,9054,9057,2605,1,
,09:25:20,9060,9054,9056,2610,5,
,09:25:21,9060,9054,9056,2610,5,
,09:25:22,9060,9054,9056,2610,5,
,09:25:22,9060,9054,9056,2610,5,
,09:25:23,9060,9054,9056,2610,5,
,09:25:24,9060,9054,9056,2610,5,
,09:25:25,9060,9054,9056,2610,5,
,09:25:30,9060,9054,9056,2610,5,
,09:25:31,9060,9054,9056,2610,5,
,09:25:33,9060,9054,9056,2610,5,
,09:25:35,9060,9054,9056,2626,16,
,09:25:38,9060,9054,9056,2626,16,
,09:25:39,9060,9054,9056,2626,16,
,09:25:39,9060,9054,9055,2627,1,
,09:25:40,9060,9054,9055,2628,1,
,09:25:40,9060,9054,9055,2628,1,
,09:25:41,9060,9054,9055,2628,1,
,09:25:42,9060,9054,9055,2628,1,
,09:25:42,9060,9054,9055,2634,6,
,09:25:44,9060,9054,9055,2634,6,
,09:25:44,9060,9054,9055,2635,1,
,09:25:45,9060,9054,9055,2635,1,
,09:25:46,9060,9054,9055,2636,1,
,09:25:48,9060,9054,9055,2636,1,
,09:25:48,9060,9054,9055,2637,1,
,09:25:49,9060,9054,9055,2637,1,
,09:25:50,9060,9054,9054,2638,1,
,09:25:52,9060,9053,9053,2640,2,
,09:25:53,9060,9053,9053,2640,2,
,09:25:53,9060,9052,9052,2641,1,
,09:25:54,9060,9052,9052,2641,1,
,09:25:56,9060,9052,9053,2642,1,
,09:25:57,9060,9052,9053,2642,1,
,09:25:58,9060,9052,9053,2643,1,
,09:25:58,9060,9052,9053,2643,1,
,09:25:59,9060,9052,9053,2643,1,
,09:26:00,9053,9053,9053,2643,1,
,09:26:00,9053,9053,9053,2643,1,
,09:26:03,9053,9053,9053,2643,1,
,09:26:04,9053,9053,9053,2643,1,
,09:26:05,9054,9053,9054,2644,1,
,09:26:06,9054,9053,9054,2644,1,
,09:26:07,9054,9053,9054,2644,1,
,09:26:07,9054,9051,9051,2673,29,
,09:26:08,9054,9051,9051,2673,29,
,09:26:09,9054,9051,9051,2673,29,
,09:26:09,9054,9051,9051,2674,1,
,09:26:10,9054,9051,9051,2674,1,
,09:26:10,9054,9051,9052,2675,1,
,09:26:11,9054,9051,9052,2675,1,
,09:26:13,9054,9051,9051,2677,2,
,09:26:14,9054,9051,9051,2677,2,
,09:26:15,9054,9051,9051,2677,2,
,09:26:15,9054,9051,9051,2677,2,
,09:26:16,9054,9051,9051,2677,2,
,09:26:17,9054,9051,9051,2677,2,
,09:26:17,9054,9051,9051,2678,1,
,09:26:19,9054,9051,9051,2678,1,
,09:26:20,9054,9051,9051,2678,1,
,09:26:20,9054,9050,9050,2679,1,
,09:26:21,9054,9050,9050,2679,1,
,09:26:22,9054,9050,9050,2679,1,
,09:26:23,9054,9050,9050,2679,1,
,09:26:23,9054,9050,9050,2680,1,
,09:26:24,9054,9050,9050,2680,1,
,09:26:24,9054,9050,9052,2691,11,
,09:26:25,9054,9050,9052,2691,11,
,09:26:25,9054,9050,9052,2692,1,
,09:26:26,9054,9050,9052,2692,1,
,09:26:27,9054,9050,9052,2692,1,
,09:26:27,9054,9050,9052,2692,1,
,09:26:28,9054,9050,9052,2692,1,
,09:26:28,9054,9050,9052,2692,1,
,09:26:29,9054,9050,9052,2692,1,
,09:26:30,9054,9050,9052,2692,1,
,09:26:31,9054,9050,9052,2692,1,
,09:26:32,9054,9050,9052,2701,9,
,09:26:33,9054,9050,9052,2701,9,
,09:26:33,9054,9050,9052,2702,1,
,09:26:34,9054,9050,9052,2708,6,
,09:26:34,9054,9050,9052,2708,6,
,09:26:35,9054,9050,9052,2708,6,
,09:26:36,9054,9050,9053,2717,9,
,09:26:37,9054,9050,9053,2717,9,
,09:26:38,9054,9050,9053,2717,9,
,09:26:39,9054,9050,9053,2717,9,
,09:26:41,9054,9050,9053,2717,9,
,09:26:44,9054,9050,9053,2717,9,
,09:26:45,9054,9050,9053,2717,9,
,09:26:46,9054,9050,9054,2718,1,
,09:26:46,9054,9050,9054,2720,2,
,09:26:48,9054,9050,9054,2720,2,
,09:26:49,9054,9050,9054,2720,2,
,09:26:49,9056,9050,9056,2721,1,
,09:26:50,9056,9050,9056,2721,1,
,09:26:50,9056,9050,9056,2722,1,
,09:26:51,9056,9050,9056,2722,1,
,09:26:51,9056,9050,9056,2723,1,
,09:26:52,9056,9050,9056,2724,1,
,09:26:52,9056,9050,9056,2725,1,
,09:26:53,9056,9050,9056,2725,1,
,09:26:54,9056,9050,9056,2725,1,
,09:26:55,9056,9050,9055,2727,2,
,09:26:59,9056,9050,9055,2727,2,
,09:27:00,9055,9055,9055,2727,2,
,09:27:02,9055,9054,9054,2728,1,
,09:27:02,9055,9054,9054,2733,5,
,09:27:03,9055,9054,9054,2733,5,
,09:27:04,9055,9054,9054,2734,1,
,09:27:04,9055,9054,9054,2734,1,
,09:27:05,9055,9054,9054,2734,1,
,09:27:07,9055,9054,9054,2734,1,
,09:27:08,9056,9054,9056,2735,1,
,09:27:09,9057,9054,9057,2736,1,
,09:27:10,9057,9054,9056,2737,1,
,09:27:10,9057,9054,9056,2740,3,
,09:27:11,9057,9054,9056,2740,3,
,09:27:11,9058,9054,9058,2741,1,
,09:27:12,9058,9054,9058,2741,1,
,09:27:13,9058,9054,9057,2746,5,
,09:27:14,9058,9054,9057,2746,5,
,09:27:15,9058,9054,9056,2748,2,
,09:27:16,9058,9054,9056,2748,2,
,09:27:17,9058,9054,9056,2748,2,
,09:27:17,9058,9054,9056,2748,2,
,09:27:20,9058,9054,9056,2748,2,
,09:27:21,9058,9054,9056,2749,1,
,09:27:26,9058,9054,9056,2749,1,
,09:27:27,9058,9054,9057,2751,2,
,09:27:28,9058,9054,9057,2751,2,
,09:27:30,9058,9054,9057,2751,2,
,09:27:30,9058,9054,9057,2753,2,
,09:27:32,9058,9054,9057,2753,2,
,09:27:33,9058,9054,9056,2754,1,
,09:27:34,9058,9054,9056,2754,1,
,09:27:36,9058,9054,9056,2754,1,
,09:27:36,9058,9054,9056,2754,1,
,09:27:38,9058,9054,9056,2754,1,
,09:27:40,9058,9054,9056,2754,1,
,09:27:41,9058,9054,9056,2754,1,
,09:27:43,9058,9054,9056,2754,1,
,09:27:44,9058,9054,9056,2754,1,
,09:27:45,9058,9054,9056,2754,1,
,09:27:45,9058,9054,9056,2754,1,
,09:27:46,9058,9054,9056,2754,1,
,09:27:47,9058,9054,9056,2754,1,
,09:27:50,9058,9054,9056,2754,1,
,09:27:52,9058,9054,9057,2766,12,
,09:27:53,9058,9054,9057,2767,1,
,09:27:54,9058,9054,9057,2767,1,
,09:27:55,9058,9054,9058,2768,1,
,09:27:56,9058,9054,9058,2768,1,
,09:27:57,9058,9054,9058,2768,1,
,09:27:59,9058,9054,9057,2773,5,
,09:27:59,9058,9054,9057,2774,1,
,09:28:01,9057,9057,9057,2774,1,
,09:28:02,9057,9057,9057,2774,1,
,09:28:02,9057,9056,9056,2778,4,
,09:28:03,9057,9056,9056,2778,4,
,09:28:03,9057,9055,9056,2782,4,
,09:28:04,9057,9055,9056,2782,4,
,09:28:05,9057,9055,9056,2782,4,
,09:28:06,9057,9055,9056,2782,4,
,09:28:07,9057,9055,9056,2782,4,
,09:28:08,9057,9055,9056,2782,4,
,09:28:08,9057,9055,9057,2783,1,
,09:28:09,9057,9055,9057,2783,1,
,09:28:11,9057,9055,9057,2783,1,
,09:28:13,9057,9055,9057,2783,1,
,09:28:13,9057,9055,9057,2784,1,
,09:28:14,9057,9055,9057,2784,1,
,09:28:14,9057,9055,9055,2786,2,
,09:28:15,9057,9055,9055,2786,2,
,09:28:16,9057,9055,9055,2786,2,
,09:28:17,9057,9055,9055,2786,2,
,09:28:18,9057,9055,9055,2786,2,
,09:28:20,9057,9055,9055,2786,2,
,09:28:21,9057,9055,9055,2786,2,
,09:28:22,9057,9055,9055,2786,2,
,09:28:22,9057,9055,9055,2792,6,
,09:28:23,9057,9055,9055,2792,6,
,09:28:24,9057,9055,9056,2793,1,
,09:28:24,9057,9055,9056,2793,1,
,09:28:26,9057,9055,9056,2793,1,
,09:28:27,9057,9055,9056,2793,1,
,09:28:27,9057,9055,9057,2794,1,
,09:28:29,9057,9055,9057,2794,1,
,09:28:29,9057,9054,9054,2797,3,
,09:28:30,9057,9054,9054,2797,3,
,09:28:31,9057,9054,9055,2798,1,
,09:28:32,9057,9054,9055,2798,1,
,09:28:33,9057,9054,9055,2798,1,
,09:28:33,9057,9054,9055,2798,1,
,09:28:35,9057,9054,9055,2798,1,
,09:28:35,9057,9054,9054,2799,1,
,09:28:36,9057,9054,9054,2799,1,
,09:28:36,9057,9054,9054,2799,1,
,09:28:37,9057,9054,9054,2799,1,
,09:28:38,9057,9054,9055,2800,1,
,09:28:39,9057,9054,9055,2800,1,
,09:28:39,9057,9054,9055,2800,1,
,09:28:42,9057,9054,9056,2802,2,
,09:28:42,9057,9054,9056,2802,2,
,09:28:44,9057,9054,9056,2803,1,
,09:28:47,9057,9054,9056,2803,1,
,09:28:48,9057,9054,9056,2803,1,
,09:28:48,9057,9054,9055,2805,2,
,09:28:49,9057,9054,9055,2807,2,
,09:28:49,9057,9054,9055,2807,2,
,09:28:50,9057,9054,9057,2808,1,
,09:28:51,9057,9054,9057,2808,1,
,09:28:55,9057,9054,9057,2808,1,
,09:28:56,9057,9054,9057,2808,1,
,09:28:59,9057,9054,9057,2808,1,
,09:29:00,9057,9057,9057,2810,2,
,09:29:00,9058,9055,9055,2823,13,
,09:29:01,9058,9055,9055,2823,13,
,09:29:02,9058,9054,9054,2825,2,
,09:29:02,9058,9054,9054,2828,3,
,09:29:03,9058,9054,9054,2828,3,
,09:29:07,9058,9054,9054,2828,3,
,09:29:07,9058,9053,9053,2832,4,
,09:29:08,9058,9053,9055,2833,1,
,09:29:09,9058,9053,9055,2834,1,
,09:29:10,9058,9053,9055,2834,1,
,09:29:10,9058,9053,9055,2834,1,
,09:29:13,9058,9053,9055,2834,1,
,09:29:17,9058,9053,9054,2837,3,
,09:29:17,9058,9053,9054,2838,1,
,09:29:19,9058,9053,9054,2838,1,
,09:29:20,9058,9053,9053,2839,1,
,09:29:21,9058,9053,9053,2839,1,
,09:29:22,9058,9053,9053,2839,1,
,09:29:23,9058,9053,9053,2839,1,
,09:29:24,9058,9053,9053,2839,1,
,09:29:27,9058,9053,9053,2839,1,
,09:29:32,9058,9053,9055,2841,2,
,09:29:33,9058,9053,9055,2843,2,
,09:29:33,9058,9053,9054,2845,2,
,09:29:35,9058,9053,9054,2845,2,
,09:29:40,9058,9053,9055,2850,5,
,09:29:41,9058,9053,9055,2851,1,
,09:29:42,9058,9053,9055,2851,1,
,09:29:43,9058,9053,9055,2851,1,
,09:29:43,9058,9053,9055,2852,1,
,09:29:44,9058,9053,9054,2854,2,
,09:29:47,9058,9053,9054,2854,2,
,09:29:48,9058,9053,9054,2854,2,
,09:29:51,9058,9053,9054,2854,2,
,09:29:51,9058,9053,9054,2856,2,
,09:29:52,9058,9053,9054,2856,2,
,09:29:52,9058,9053,9056,2877,21,
,09:29:53,9058,9053,9056,2877,21,
,09:29:53,9058,9053,9056,2877,21,
,09:29:54,9058,9053,9056,2877,21,
,09:29:55,9058,9053,9056,2877,21,
,09:29:56,9058,9053,9056,2877,21,
,09:29:56,9058,9053,9055,2878,1,
,09:29:57,9058,9053,9055,2878,1,
,09:29:58,9058,9053,9055,2878,1,
,09:29:58,9058,9053,9056,2884,6,
,09:29:59,9058,9053,9057,2935,51,
,09:29:59,9058,9053,9058,2938,3,
,09:30:00,9060,9060,9060,2942,4,
,09:30:00,9061,9058,9058,2978,36,
,09:30:01,9061,9057,9057,3019,41,
,09:30:02,9061,9057,9058,3021,2,
,09:30:02,9061,9057,9059,3030,9,
,09:30:03,9061,9057,9059,3030,9,
,09:30:03,9061,9057,9058,3033,3,
,09:30:04,9061,9057,9059,3034,1,
,09:30:04,9061,9056,9056,3050,16,
,09:30:05,9061,9053,9053,3092,42,
,09:30:06,9061,9050,9052,3114,22,
,09:30:07,9061,9048,9048,3155,41,
,09:30:08,9061,9048,9048,3155,41,
,09:30:08,9061,9048,9048,3165,10,
,09:30:09,9061,9047,9047,3192,27,
,09:30:10,9061,9047,9047,3192,27,
,09:30:10,9061,9046,9047,3206,14,
,09:30:11,9061,9046,9047,3206,14,
,09:30:11,9061,9046,9046,3207,1,
,09:30:12,9061,9046,9046,3207,1,
,09:30:13,9061,9044,9044,3244,37,
,09:30:14,9061,9044,9044,3244,37,
,09:30:14,9061,9044,9044,3249,5,
,09:30:15,9061,9044,9044,3249,5,
,09:30:15,9061,9042,9042,3266,17,
,09:30:16,9061,9041,9042,3289,23,
,09:30:17,9061,9041,9042,3289,23,
,09:30:17,9061,9041,9042,3293,4,
,09:30:18,9061,9041,9043,3305,12,
,09:30:19,9061,9041,9043,3305,12,
,09:30:19,9061,9041,9046,3320,15,
,09:30:20,9061,9041,9046,3320,15,
,09:30:20,9061,9041,9045,3326,6,
,09:30:21,9061,9041,9045,3326,6,
,09:30:21,9061,9041,9044,3328,2,
,09:30:22,9061,9041,9044,3328,2,
,09:30:22,9061,9041,9045,3330,2,
,09:30:23,9061,9041,9044,3350,20,
,09:30:24,9061,9041,9044,3350,20,
,09:30:24,9061,9041,9044,3351,1,
,09:30:26,9061,9041,9044,3351,1,
,09:30:26,9061,9041,9043,3363,12,
,09:30:27,9061,9041,9043,3363,12,
,09:30:27,9061,9041,9044,3364,1,
,09:30:28,9061,9041,9044,3364,1,
,09:30:28,9061,9041,9043,3366,2,
,09:30:29,9061,9041,9043,3366,2,
,09:30:30,9061,9041,9044,3368,2,
,09:30:30,9061,9041,9043,3376,8,
,09:30:31,9061,9041,9044,3377,1,
,09:30:31,9061,9041,9045,3380,3,
,09:30:32,9061,9041,9044,3384,4,
,09:30:32,9061,9041,9045,3390,6,
,09:30:33,9061,9041,9045,3390,6,
,09:30:33,9061,9041,9043,3396,6,
,09:30:34,9061,9041,9044,3397,1,
,09:30:35,9061,9041,9044,3397,1,
,09:30:35,9061,9041,9042,3400,3,
,09:30:36,9061,9041,9043,3404,4,
,09:30:37,9061,9041,9043,3404,4,
,09:30:37,9061,9041,9043,3404,4,
,09:30:38,9061,9041,9043,3404,4,
,09:30:39,9061,9041,9043,3417,13,
,09:30:41,9061,9041,9044,3421,4,
,09:30:42,9061,9041,9043,3422,1,
,09:30:42,9061,9041,9044,3426,4,
,09:30:43,9061,9041,9044,3426,4,
,09:30:44,9061,9041,9044,3426,4,
,09:30:44,9061,9041,9044,3428,2,
,09:30:45,9061,9041,9045,3429,1,
,09:30:45,9061,9041,9045,3430,1,
,09:30:46,9061,9041,9045,3430,1,
,09:30:47,9061,9041,9046,3443,13,
,09:30:48,9061,9041,9046,3443,13,
,09:30:49,9061,9041,9046,3443,13,
,09:30:49,9061,9041,9046,3444,1,
,09:30:50,9061,9041,9046,3444,1,
,09:30:50,9061,9041,9045,3445,1,
,09:30:51,9061,9041,9045,3445,1,
,09:30:51,9061,9041,9046,3450,5,
,09:30:52,9061,9041,9046,3454,4,
,09:30:53,9061,9041,9046,3456,2,
,09:30:53,9061,9041,9045,3460,4,
,09:30:54,9061,9041,9045,3460,4,
,09:30:54,9061,9041,9044,3463,3,
,09:30:55,9061,9041,9044,3463,3,
,09:30:55,9061,9041,9045,3465,2,
,09:30:56,9061,9041,9044,3467,2,
,09:30:56,9061,9041,9045,3468,1,
,09:30:57,9061,9041,9046,3470,2,
,09:30:59,9061,9041,9046,3470,2,
,09:30:59,9061,9041,9047,3472,2,
,09:31:00,9047,9047,9047,3476,4,
,09:31:00,9047,9046,9046,3477,1,
,09:31:01,9047,9045,9045,3478,1,
,09:31:01,9047,9044,9044,3483,5,
,09:31:02,9047,9044,9044,3484,1,
,09:31:02,9047,9044,9045,3489,5,
,09:31:03,9047,9043,9043,3499,10,
,09:31:04,9047,9043,9043,3500,1,
,09:31:04,9047,9043,9043,3501,1,
,09:31:05,9047,9043,9043,3501,1,
,09:31:05,9047,9041,9041,3516,15,
,09:31:06,9047,9041,9042,3517,1,
,09:31:06,9047,9041,9044,3522,5,
,09:31:07,9047,9041,9044,3522,5,
,09:31:07,9047,9041,9045,3523,1,
,09:31:08,9047,9041,9045,3523,1,
,09:31:08,9047,9041,9045,3525,2,
,09:31:09,9047,9041,9046,3531,6,
,09:31:10,9047,9041,9046,3531,6,
,09:31:11,9047,9041,9046,3531,6,
,09:31:11,9047,9041,9046,3532,1,
,09:31:13,9047,9041,9047,3533,1,
,09:31:13,9047,9041,9047,3537,4,
,09:31:14,9047,9041,9047,3537,4,
,09:31:14,9047,9041,9047,3537,4,
,09:31:15,9047,9041,9047,3537,4,
,09:31:15,9047,9041,9046,3541,4,
,09:31:16,9047,9041,9046,3541,4,
,09:31:17,9047,9041,9047,3546,5,
,09:31:18,9047,9041,9047,3546,5,
,09:31:18,9048,9041,9047,3550,4,
,09:31:19,9048,9041,9047,3556,6,
,09:31:19,9049,9041,9049,3568,12,
,09:31:20,9049,9041,9049,3568,12,
,09:31:21,9049,9041,9049,3568,12,
,09:31:22,9049,9041,9049,3568,12,
,09:31:23,9051,9041,9051,3580,12,
,09:31:24,9051,9041,9051,3581,1,
,09:31:24,9052,9041,9052,3584,3,
,09:31:25,9052,9041,9052,3584,3,
,09:31:25,9052,9041,9051,3587,3,
,09:31:26,9052,9041,9050,3590,3,
,09:31:26,9052,9041,9049,3592,2,
,09:31:27,9052,9041,9050,3602,10,
,09:31:28,9052,9041,9050,3602,10,
,09:31:28,9052,9041,9049,3603,1,
,09:31:29,9052,9041,9049,3603,1,
,09:31:29,9052,9041,9049,3603,1,
,09:31:30,9052,9041,9050,3606,3,
,09:31:31,9052,9041,9050,3607,1,
,09:31:32,9052,9041,9050,3607,1,
,09:31:32,9052,9041,9050,3609,2,
,09:31:33,9052,9041,9050,3609,2,
,09:31:33,9052,9041,9049,3613,4,
,09:31:34,9052,9041,9049,3613,4,
,09:31:34,9052,9041,9049,3618,5,
,09:31:35,9052,9041,9048,3619,1,
,09:31:36,9052,9041,9048,3619,1,
,09:31:36,9052,9041,9050,3622,3,
,09:31:39,9052,9041,9049,3623,1,
,09:31:40,9052,9041,9050,3624,1,
,09:31:40,9052,9041,9050,3625,1,
,09:31:41,9052,9041,9051,3626,1,
,09:31:42,9052,9041,9050,3631,5,
,09:31:43,9052,9041,9050,3631,5,
,09:31:43,9052,9041,9050,3631,5,
,09:31:44,9052,9041,9050,3631,5,
,09:31:45,9052,9041,9050,3631,5,
,09:31:45,9052,9041,9050,3632,1,
,09:31:46,9052,9041,9048,3639,7,
,09:31:47,9052,9041,9051,3642,3,
,09:31:48,9052,9041,9052,3644,2,
,09:31:48,9052,9041,9051,3645,1,
,09:31:49,9052,9041,9051,3645,1,
,09:31:50,9052,9041,9051,3645,1,
,09:31:51,9052,9041,9051,3645,1,
,09:31:52,9052,9041,9051,3645,1,
,09:31:52,9054,9041,9054,3649,4,
,09:31:53,9054,9041,9054,3649,4,
,09:31:53,9054,9041,9054,3651,2,
,09:31:54,9054,9041,9054,3651,2,
,09:31:54,9056,9041,9056,3660,9,
,09:31:55,9056,9041,9056,3660,9,
,09:31:55,9057,9041,9057,3663,3,
,09:31:56,9057,9041,9056,3666,3,
,09:31:57,9057,9041,9056,3666,3,
,09:31:57,9057,9041,9056,3667,1,
,09:31:58,9057,9041,9056,3667,1,
,09:31:59,9057,9041,9055,3668,1,
,09:31:59,9057,9041,9054,3674,6,
,09:32:00,9054,9054,9054,3674,6,
,09:32:00,9056,9054,9056,3693,19,
,09:32:01,9056,9054,9055,3694,1,
,09:32:01,9056,9054,9056,3702,8,
,09:32:02,9056,9054,9056,3703,1,
,09:32:02,9056,9054,9055,3704,1,
,09:32:03,9056,9054,9055,3704,1,
,09:32:03,9056,9054,9055,3708,4,
,09:32:04,9056,9054,9054,3711,3,
,09:32:04,9056,9054,9054,3714,3,
,09:32:05,9056,9054,9054,3714,3,
,09:32:06,9056,9054,9054,3714,3,
,09:32:07,9056,9054,9054,3714,3,
,09:32:07,9056,9054,9056,3718,4,
,09:32:09,9056,9054,9056,3719,1,
,09:32:09,9056,9054,9055,3723,4,
,09:32:10,9056,9054,9055,3723,4,
,09:32:10,9057,9054,9057,3729,6,
,09:32:11,9057,9054,9057,3730,1,
,09:32:11,9057,9054,9057,3734,4,
,09:32:12,9058,9054,9058,3740,6,
,09:32:13,9058,9054,9058,3740,6,
,09:32:13,9058,9054,9056,3743,3,
,09:32:14,9058,9054,9055,3747,4,
,09:32:15,9058,9054,9055,3747,4,
,09:32:15,9058,9054,9054,3754,7,
,09:32:16,9058,9054,9056,3756,2,
,09:32:17,9058,9054,9056,3756,2,
,09:32:17,9058,9054,9056,3756,2,
,09:32:18,9058,9054,9056,3758,2,
,09:32:19,9058,9054,9056,3759,1,
,09:32:20,9058,9054,9056,3759,1,
,09:32:22,9058,9054,9056,3761,2,
,09:32:22,9058,9054,9055,3765,4,
,09:32:23,9058,9054,9055,3766,1,
,09:32:24,9058,9054,9055,3766,1,
,09:32:27,9058,9054,9056,3767,1,
,09:32:27,9058,9054,9058,3770,3,
,09:32:28,9058,9054,9058,3771,1,
,09:32:28,9058,9054,9056,3786,15,
,09:32:29,9058,9054,9056,3786,15,
,09:32:30,9058,9054,9056,3786,15,
,09:32:30,9058,9054,9055,3792,6,
,09:32:31,9058,9054,9055,3792,6,
,09:32:32,9058,9054,9056,3793,1,
,09:32:32,9058,9054,9056,3793,1,
,09:32:33,9058,9054,9054,3796,3,
,09:32:34,9058,9054,9054,3796,3,
,09:32:35,9058,9054,9054,3797,1,
,09:32:36,9058,9054,9054,3797,1,
,09:32:36,9058,9054,9055,3800,3,
,09:32:37,9058,9054,9055,3800,3,
,09:32:37,9058,9054,9057,3801,1,
,09:32:38,9058,9054,9057,3801,1,
,09:32:38,9058,9054,9057,3801,1,
,09:32:39,9058,9054,9057,3801,1,
,09:32:40,9058,9054,9057,3801,1,
,09:32:41,9058,9054,9057,3801,1,
,09:32:42,9058,9054,9057,3801,1,
,09:32:42,9058,9054,9055,3803,2,
,09:32:43,9058,9054,9056,3806,3,
,09:32:43,9058,9054,9056,3806,3,
,09:32:44,9058,9054,9056,3810,4,
,09:32:45,9058,9054,9056,3810,4,
,09:32:46,9058,9054,9057,3812,2,
,09:32:47,9058,9054,9058,3815,3,
,09:32:47,9058,9054,9058,3818,3,
,09:32:48,9061,9054,9061,3834,16,
,09:32:49,9061,9054,9061,3835,1,
,09:32:50,9061,9054,9061,3835,1,
,09:32:51,9061,9054,9061,3835,1,
,09:32:51,9061,9054,9060,3836,1,
,09:32:52,9061,9054,9061,3837,1,
,09:32:52,9063,9054,9063,3867,30,
,09:32:53,9064,9054,9064,3880,13,
,09:32:53,9067,9054,9067,3945,65,
,09:32:54,9067,9054,9067,3946,1,
,09:32:54,9067,9054,9067,3949,3,
,09:32:55,9067,9054,9067,3949,3,
,09:32:55,9067,9054,9065,3953,4,
,09:32:56,9067,9054,9065,3953,4,
,09:32:57,9067,9054,9065,3953,4,
,09:32:57,9067,9054,9065,3956,3,
,09:32:58,9067,9054,9065,3956,3,
,09:32:58,9067,9054,9064,3968,12,
,09:32:59,9067,9054,9064,3968,12,
,09:32:59,9067,9054,9066,3974,6,
,09:33:00,9067,9067,9067,3976,2,
,09:33:00,9068,9067,9068,3978,2,
,09:33:01,9069,9067,9069,4023,45,
,09:33:01,9069,9067,9069,4024,1,
,09:33:02,9070,9067,9070,4025,1,
,09:33:02,9071,9067,9071,4066,41,
,09:33:03,9071,9067,9071,4066,41,
,09:33:03,9072,9067,9072,4073,7,
,09:33:04,9073,9067,9073,4089,16,
,09:33:05,9075,9067,9074,4104,15,
,09:33:06,9075,9067,9075,4106,2,
,09:33:06,9075,9067,9073,4128,22,
,09:33:07,9075,9067,9073,4128,22,
,09:33:07,9075,9067,9074,4139,11,
,09:33:08,9075,9067,9075,4140,1,
,09:33:08,9075,9067,9073,4171,31,
,09:33:09,9075,9067,9074,4179,8,
,09:33:10,9076,9067,9076,4187,8,
,09:33:11,9077,9067,9076,4208,21,
,09:33:12,9077,9067,9076,4209,1,
,09:33:13,9077,9067,9075,4216,7,
,09:33:14,9077,9067,9074,4219,3,
,09:33:14,9077,9067,9075,4228,9,
,09:33:15,9077,9067,9075,4228,9,
,09:33:15,9077,9067,9073,4230,2,
,09:33:16,9077,9067,9074,4237,7,
,09:33:17,9077,9067,9072,4246,9,
,09:33:18,9077,9067,9074,4248,2,
,09:33:19,9077,9067,9075,4255,7,
,09:33:20,9077,9067,9076,4256,1,
,09:33:20,9077,9067,9075,4260,4,
,09:33:21,9077,9067,9077,4268,8,
,09:33:22,9078,9067,9078,4269,1,
,09:33:22,9080,9067,9079,4298,29,
,09:33:23,9080,9067,9080,4299,1,
,09:33:23,9080,9067,9076,4310,11,
,09:33:24,9080,9067,9076,4311,1,
,09:33:24,9080,9067,9078,4312,1,
,09:33:25,9080,9067,9079,4313,1,
,09:33:25,9080,9067,9078,4318,5,
,09:33:26,9080,9067,9078,4319,1,
,09:33:26,9081,9067,9081,4351,32,
,09:33:27,9081,9067,9080,4359,8,
,09:33:28,9081,9067,9081,4361,2,
,09:33:28,9081,9067,9078,4393,32,
,09:33:29,9081,9067,9077,4394,1,
,09:33:29,9081,9067,9077,4401,7,
,09:33:30,9081,9067,9077,4401,7,
,09:33:30,9081,9067,9077,4413,12,
,09:33:31,9081,9067,9078,4414,1,
,09:33:32,9081,9067,9079,4420,6,
,09:33:33,9081,9067,9079,4420,6,
,09:33:34,9081,9067,9077,4433,13,
,09:33:35,9081,9067,9077,4433,13,
,09:33:35,9081,9067,9078,4438,5,
,09:33:36,9081,9067,9078,4438,5,
,09:33:37,9081,9067,9080,4440,2,
,09:33:37,9081,9067,9078,4453,13,
,09:33:38,9081,9067,9078,4453,13,
,09:33:38,9081,9067,9078,4453,13,
,09:33:39,9081,9067,9078,4455,2,
,09:33:39,9081,9067,9077,4456,1,
,09:33:40,9081,9067,9076,4458,2,
,09:33:40,9081,9067,9077,4471,13,
,09:33:41,9081,9067,9076,4481,10,
,09:33:41,9081,9067,9077,4482,1,
,09:33:42,9081,9067,9077,4482,1,
,09:33:42,9081,9067,9076,4484,2,
,09:33:43,9081,9067,9076,4484,2,
,09:33:43,9081,9067,9076,4501,17,
,09:33:44,9081,9067,9077,4502,1,
,09:33:44,9081,9067,9076,4516,14,
,09:33:45,9081,9067,9077,4519,3,
,09:33:46,9081,9067,9077,4519,3,
,09:33:46,9081,9067,9078,4520,1,
,09:33:47,9081,9067,9078,4520,1,
,09:33:47,9081,9067,9078,4521,1,
,09:33:48,9081,9067,9078,4523,2,
,09:33:48,9081,9067,9079,4526,3,
,09:33:49,9081,9067,9078,4536,10,
,09:33:49,9081,9067,9077,4542,6,
,09:33:50,9081,9067,9077,4542,6,
,09:33:51,9081,9067,9077,4544,2,
,09:33:52,9081,9067,9078,4575,31,
,09:33:53,9081,9067,9078,4576,1,
,09:33:54,9081,9067,9078,4577,1,
,09:33:54,9081,9067,9080,4581,4,
,09:33:55,9081,9067,9080,4590,9,
,09:33:55,9081,9067,9081,4592,2,
,09:33:56,9081,9067,9081,4592,2,
,09:33:56,9083,9067,9081,4605,13,
,09:33:57,9083,9067,9081,4607,2,
,09:33:57,9083,9067,9079,4618,11,
,09:33:58,9083,9067,9079,4618,11,
,09:33:58,9083,9067,9079,4619,1,
,09:33:59,9083,9067,9079,4619,1,
,09:33:59,9083,9067,9080,4630,11,
,09:34:00,9080,9080,9080,4630,11,
,09:34:00,9080,9080,9080,4630,11,
,09:34:01,9080,9080,9080,4630,11,
,09:34:02,9080,9076,9076,4658,28,
,09:34:03,9080,9076,9076,4660,2,
,09:34:03,9080,9076,9076,4664,4,
,09:34:04,9080,9076,9076,4671,7,
,09:34:05,9080,9076,9076,4673,2,
,09:34:05,9080,9076,9076,4673,2,
,09:34:06,9080,9076,9076,4673,2,
,09:34:07,9080,9076,9076,4673,2,
,09:34:07,9080,9076,9078,4675,2,
,09:34:08,9080,9076,9076,4682,7,
,09:34:09,9080,9074,9075,4694,12,
,09:34:10,9080,9074,9075,4694,12,
,09:34:11,9080,9074,9075,4694,12,
,09:34:11,9080,9074,9074,4698,4,
,09:34:12,9080,9074,9075,4703,5,
,09:34:12,9080,9074,9075,4706,3,
,09:34:13,9080,9074,9075,4706,3,
,09:34:13,9080,9074,9076,4707,1,
,09:34:15,9080,9074,9076,4707,1,
,09:34:15,9080,9074,9076,4711,4,
,09:34:16,9080,9074,9076,4711,4,
,09:34:16,9080,9074,9077,4712,1,
,09:34:17,9080,9074,9078,4713,1,
,09:34:17,9080,9074,9079,4716,3,
,09:34:18,9080,9074,9079,4716,3,
,09:34:18,9080,9074,9078,4717,1,
,09:34:19,9080,9074,9078,4717,1,
,09:34:19,9080,9074,9079,4720,3,
,09:34:20,9080,9074,9079,4720,3,
,09:34:20,9080,9074,9078,4722,2,
,09:34:21,9080,9074,9078,4724,2,
,09:34:21,9080,9074,9079,4728,4,
,09:34:22,9080,9074,9079,4728,4,
,09:34:22,9080,9074,9077,4732,4,
,09:34:23,9080,9074,9078,4733,1,
,09:34:23,9080,9074,9078,4735,2,
,09:34:24,9080,9074,9078,4735,2,
,09:34:25,9080,9074,9079,4736,1,
,09:34:25,9080,9074,9078,4738,2,
,09:34:26,9080,9074,9078,4738,2,
,09:34:26,9080,9074,9078,4739,1,
,09:34:27,9080,9074,9078,4739,1,
,09:34:28,9080,9074,9079,4740,1,
,09:34:30,9080,9074,9079,4742,2,
,09:34:30,9080,9074,9080,4743,1,
,09:34:32,9080,9074,9079,4745,2,
,09:34:32,9080,9074,9079,4746,1,
,09:34:33,9080,9074,9077,4764,18,
,09:34:34,9080,9074,9077,4764,18,
,09:34:34,9080,9074,9076,4792,28,
,09:34:35,9080,9074,9075,4794,2,
,09:34:36,9080,9074,9076,4795,1,
,09:34:37,9080,9074,9077,4796,1,
,09:34:38,9080,9074,9078,4799,3,
,09:34:39,9080,9074,9080,4810,11,
,09:34:40,9080,9074,9080,4810,11,
,09:34:41,9080,9074,9080,4810,11,
,09:34:42,9080,9074,9080,4810,11,
,09:34:43,9080,9074,9079,4813,3,
,09:34:44,9080,9074,9077,4822,9,
,09:34:45,9080,9074,9077,4823,1,
,09:34:45,9080,9074,9077,4827,4,
,09:34:46,9080,9074,9077,4827,4,
,09:34:46,9080,9074,9076,4830,3,
,09:34:47,9080,9074,9076,4830,3,
,09:34:48,9080,9074,9076,4833,3,
,09:34:48,9080,9074,9077,4836,3,
,09:34:49,9080,9074,9077,4836,3,
,09:34:50,9080,9074,9077,4836,3,
,09:34:52,9080,9074,9078,4838,2,
,09:34:52,9080,9074,9078,4838,2,
,09:34:53,9080,9074,9079,4839,1,
,09:34:54,9080,9074,9079,4841,2,
,09:34:55,9080,9074,9080,4842,1,
,09:34:55,9080,9074,9079,4843,1,
,09:34:56,9080,9074,9079,4843,1,
,09:34:57,9080,9074,9079,4844,1,
,09:34:57,9080,9074,9079,4846,2,
,09:34:58,9080,9074,9079,4846,2,
,09:34:59,9080,9074,9077,4849,3,
,09:35:00,9077,9077,9077,4849,3,
,09:35:00,9079,9077,9078,4864,15,
,09:35:01,9079,9077,9078,4869,5,
,09:35:01,9080,9077,9080,4882,13,
,09:35:02,9080,9077,9078,4888,6,
,09:35:03,9080,9077,9078,4888,6,
,09:35:04,9080,9077,9078,4901,13,
,09:35:05,9080,9077,9080,4905,4,
,09:35:06,9083,9077,9083,4922,17,
,09:35:07,9083,9077,9083,4924,2,
,09:35:07,9083,9077,9082,4928,4,
,09:35:08,9083,9077,9082,4928,4,
,09:35:08,9083,9077,9083,4931,3,
,09:35:09,9083,9077,9083,4931,3,
,09:35:09,9083,9077,9079,4976,45,
,09:35:10,9083,9077,9079,4976,45,
,09:35:10,9083,9077,9079,4980,4,
,09:35:11,9083,9077,9080,4982,2,
,09:35:11,9083,9077,9080,4982,2,
,09:35:12,9083,9077,9080,4983,1,
,09:35:13,9083,9077,9080,4984,1,
,09:35:13,9083,9077,9081,4987,3,
,09:35:14,9083,9077,9081,4987,3,
,09:35:15,9083,9077,9081,4987,3,
,09:35:15,9083,9077,9081,4988,1,
,09:35:16,9083,9077,9081,4990,2,
,09:35:17,9083,9077,9080,4991,1,
,09:35:18,9083,9077,9080,4991,1,
,09:35:19,9083,9077,9080,4991,1,
,09:35:19,9083,9077,9081,4993,2,
,09:35:20,9083,9077,9081,4993,2,
,09:35:21,9083,9077,9081,4993,2,
,09:35:22,9083,9077,9081,4993,2,
,09:35:22,9083,9077,9080,4995,2,
,09:35:24,9083,9077,9081,4998,3,
,09:35:24,9083,9077,9081,5000,2,
,09:35:25,9083,9077,9081,5000,2,
,09:35:26,9083,9077,9080,5001,1,
,09:35:26,9083,9077,9080,5002,1,
,09:35:27,9083,9077,9080,5002,1,
,09:35:27,9083,9077,9079,5005,3,
,09:35:28,9083,9077,9079,5009,4,
,09:35:29,9083,9077,9078,5013,4,
,09:35:29,9083,9077,9078,5016,3,
,09:35:30,9083,9077,9078,5018,2,
,09:35:30,9083,9077,9077,5020,2,
,09:35:31,9083,9077,9078,5022,2,
,09:35:31,9083,9077,9078,5031,9,
,09:35:32,9083,9077,9078,5031,9,
,09:35:33,9083,9077,9078,5031,9,
,09:35:33,9083,9077,9078,5032,1,
,09:35:34,9083,9077,9078,5032,1,
,09:35:35,9083,9077,9078,5032,1,
,09:35:35,9083,9077,9079,5048,16,
,09:35:36,9083,9077,9079,5050,2,
,09:35:36,9083,9077,9082,5071,21,
,09:35:37,9083,9077,9083,5083,12,
,09:35:38,9083,9077,9083,5084,1,
,09:35:38,9086,9077,9086,5103,19,
,09:35:39,9086,9077,9086,5112,9,
,09:35:40,9086,9077,9085,5123,11,
,09:35:41,9086,9077,9086,5130,7,
,09:35:42,9087,9077,9086,5139,9,
,09:35:43,9087,9077,9086,5139,9,
,09:35:43,9087,9077,9087,5140,1,
,09:35:44,9087,9077,9086,5142,2,
,09:35:44,9087,9077,9085,5144,2,
,09:35:45,9087,9077,9083,5165,21,
,09:35:46,9087,9077,9083,5166,1,
,09:35:46,9087,9077,9085,5167,1,
,09:35:47,9087,9077,9085,5168,1,
,09:35:47,9087,9077,9086,5169,1,
,09:35:48,9087,9077,9086,5169,1,
,09:35:48,9087,9077,9085,5176,7,
,09:35:49,9087,9077,9084,5185,9,
,09:35:50,9087,9077,9084,5185,9,
,09:35:50,9087,9077,9082,5204,19,
,09:35:51,9087,9077,9082,5206,2,
,09:35:51,9087,9077,9082,5210,4,
,09:35:52,9087,9077,9082,5210,4,
,09:35:52,9087,9077,9082,5211,1,
,09:35:53,9087,9077,9082,5211,1,
,09:35:54,9087,9077,9082,5213,2,
,09:35:55,9087,9077,9082,5213,2,
,09:35:55,9087,9077,9082,5213,2,
,09:35:56,9087,9077,9082,5213,2,
,09:35:57,9087,9077,9081,5220,7,
,09:35:58,9087,9077,9081,5221,1,
,09:35:58,9087,9077,9081,5222,1,
,09:35:59,9087,9077,9081,5222,1,
,09:35:59,9087,9077,9082,5223,1,
,09:36:00,9082,9082,9082,5223,1,
,09:36:00,9082,9082,9082,5227,4,
,09:36:01,9082,9082,9082,5227,4,
,09:36:02,9082,9081,9081,5245,18,
,09:36:03,9082,9080,9081,5258,13,
,09:36:04,9082,9080,9081,5258,13,
,09:36:05,9082,9080,9081,5258,13,
,09:36:05,9082,9080,9082,5259,1,
,09:36:06,9082,9080,9082,5259,1,
,09:36:06,9083,9080,9083,5264,5,
,09:36:07,9083,9080,9083,5265,1,
,09:36:07,9084,9080,9084,5271,6,
,09:36:08,9084,9080,9084,5273,2,
,09:36:08,9084,9080,9084,5279,6,
,09:36:09,9084,9080,9084,5279,6,
,09:36:09,9084,9080,9084,5283,4,
,09:36:10,9085,9080,9085,5297,14,
,09:36:11,9085,9080,9085,5311,14,
,09:36:11,9087,9080,9087,5317,6,
,09:36:12,9087,9080,9087,5323,6,
,09:36:13,9087,9080,9087,5324,1,
,09:36:14,9087,9080,9087,5327,3,
,09:36:14,9087,9080,9086,5351,24,
,09:36:15,9087,9080,9084,5359,8,
,09:36:15,9087,9080,9083,5362,3,
,09:36:16,9087,9080,9083,5364,2,
,09:36:17,9087,9080,9084,5365,1,
,09:36:17,9087,9080,9084,5366,1,
,09:36:18,9087,9080,9084,5366,1,
,09:36:18,9087,9080,9085,5371,5,
,09:36:19,9087,9080,9085,5373,2,
,09:36:19,9087,9080,9084,5375,2,
,09:36:20,9087,9080,9084,5375,2,
,09:36:21,9087,9080,9084,5376,1,
,09:36:21,9087,9080,9084,5376,1,
,09:36:22,9087,9080,9082,5385,9,
,09:36:23,9087,9080,9082,5385,9,
,09:36:23,9087,9080,9082,5388,3,
,09:36:24,9087,9080,9082,5388,3,
,09:36:24,9087,9080,9082,5388,3,
,09:36:25,9087,9080,9083,5389,1,
,09:36:26,9087,9080,9083,5389,1,
,09:36:26,9087,9080,9085,5390,1,
,09:36:27,9087,9080,9085,5391,1,
,09:36:28,9087,9080,9085,5392,1,
,09:36:28,9087,9080,9085,5397,5,
,09:36:30,9087,9080,9085,5397,5,
,09:36:31,9087,9080,9084,5398,1,
,09:36:31,9087,9080,9083,5401,3,
,09:36:32,9087,9080,9083,5401,3,
,09:36:33,9087,9080,9084,5402,1,
,09:36:33,9087,9080,9084,5402,1,
,09:36:34,9087,9080,9084,5404,2,
,09:36:35,9087,9080,9084,5405,1,
,09:36:35,9087,9080,9084,5420,15,
,09:36:36,9087,9080,9084,5420,15,
,09:36:36,9087,9080,9083,5421,1,
,09:36:37,9087,9080,9083,5422,1,
,09:36:37,9087,9080,9082,5429,7,
,09:36:38,9087,9080,9082,5429,7,
,09:36:38,9087,9080,9081,5430,1,
,09:36:39,9087,9080,9081,5438,8,
,09:36:40,9087,9080,9082,5439,1,
,09:36:40,9087,9080,9081,5440,1,
,09:36:41,9087,9080,9081,5440,1,
,09:36:42,9087,9080,9081,5440,1,
,09:36:42,9087,9080,9080,5441,1,
,09:36:43,9087,9080,9080,5441,1,
,09:36:43,9087,9078,9078,5450,9,
,09:36:44,9087,9078,9078,5451,1,
,09:36:44,9087,9078,9079,5453,2,
,09:36:45,9087,9078,9079,5453,2,
,09:36:46,9087,9078,9080,5454,1,
,09:36:46,9087,9078,9080,5455,1,
,09:36:48,9087,9078,9081,5456,1,
,09:36:49,9087,9078,9081,5456,1,
,09:36:50,9087,9077,9077,5486,30,
,09:36:51,9087,9077,9077,5486,30,
,09:36:51,9087,9077,9077,5494,8,
,09:36:52,9087,9077,9077,5495,1,
,09:36:53,9087,9077,9077,5495,1,
,09:36:53,9087,9077,9077,5496,1,
,09:36:54,9087,9077,9078,5497,1,
,09:36:55,9087,9077,9078,5497,1,
,09:36:55,9087,9077,9078,5497,1,
,09:36:56,9087,9077,9077,5498,1,
,09:36:56,9087,9077,9077,5500,2,
,09:36:57,9087,9077,9077,5500,2,
,09:36:57,9087,9077,9077,5500,2,
,09:36:58,9087,9077,9079,5506,6,
,09:36:59,9087,9077,9080,5517,11,
,09:37:01,9080,9080,9080,5517,11,
,09:37:02,9081,9080,9081,5527,10,
,09:37:03,9081,9080,9081,5527,10,
,09:37:03,9081,9080,9081,5534,7,
,09:37:04,9081,9080,9081,5534,7,
,09:37:05,9081,9079,9079,5587,53,
,09:37:05,9081,9078,9078,5594,7,
,09:37:06,9081,9078,9079,5600,6,
,09:37:07,9081,9078,9079,5600,6,
,09:37:08,9081,9078,9079,5600,6,
,09:37:09,9081,9078,9080,5601,1,
,09:37:09,9081,9078,9080,5603,2,
,09:37:10,9081,9078,9080,5603,2,
,09:37:13,9081,9078,9080,5603,2,
,09:37:15,9081,9078,9081,5604,1,
,09:37:16,9081,9078,9081,5604,1,
,09:37:16,9081,9078,9080,5614,10,
,09:37:17,9081,9078,9080,5619,5,
,09:37:18,9082,9078,9082,5639,20,
,09:37:19,9082,9078,9082,5639,20,
,09:37:19,9082,9078,9082,5639,20,
,09:37:21,9082,9078,9080,5643,4,
,09:37:22,9082,9078,9080,5643,4,
,09:37:22,9082,9078,9080,5644,1,
,09:37:23,9082,9078,9079,5645,1,
,09:37:23,9082,9078,9079,5645,1,
,09:37:24,9082,9078,9079,5645,1,
,09:37:25,9082,9078,9079,5645,1,
,09:37:27,9082,9078,9079,5646,1,
,09:37:28,9082,9078,9078,5647,1,
,09:37:28,9082,9078,9079,5648,1,
,09:37:29,9082,9078,9078,5654,6,
,09:37:30,9082,9078,9078,5654,6,
,09:37:30,9082,9078,9080,5662,8,
,09:37:31,9082,9078,9080,5663,1,
,09:37:32,9082,9078,9080,5665,2,
,09:37:33,9082,9078,9080,5665,2,
,09:37:34,9082,9078,9080,5665,2,
,09:37:35,9082,9078,9080,5665,2,
,09:37:36,9082,9078,9079,5667,2,
,09:37:37,9082,9078,9079,5668,1,
,09:37:39,9082,9078,9079,5668,1,
,09:37:40,9082,9078,9080,5669,1,
,09:37:40,9082,9078,9081,5670,1,
,09:37:41,9082,9078,9082,5673,3,
,09:37:42,9082,9078,9082,5673,3,
,09:37:42,9082,9078,9082,5673,3,
,09:37:44,9082,9078,9082,5673,3,
,09:37:45,9082,9078,9082,5673,3,
,09:37:45,9082,9078,9082,5673,3,
,09:37:46,9082,9078,9082,5673,3,
,09:37:47,9082,9078,9082,5673,3,
,09:37:48,9082,9078,9082,5673,3,
,09:37:48,9082,9078,9081,5683,10,
,09:37:49,9082,9078,9081,5683,10,
,09:37:49,9083,9078,9083,5700,17,
,09:37:50,9083,9078,9083,5700,17,
,09:37:50,9084,9078,9084,5705,5,
,09:37:51,9084,9078,9084,5705,5,
,09:37:52,9084,9078,9083,5706,1,
,09:37:52,9084,9078,9082,5710,4,
,09:37:53,9084,9078,9082,5710,4,
,09:37:53,9084,9078,9082,5717,7,
,09:37:54,9084,9078,9081,5722,5,
,09:37:55,9084,9078,9081,5722,5,
,09:37:56,9084,9078,9081,5722,5,
,09:37:57,9084,9078,9081,5722,5,
,09:37:58,9084,9078,9081,5722,5,
,09:37:58,9084,9078,9080,5730,8,
,09:37:59,9084,9078,9080,5730,8,
,09:38:00,9082,9082,9082,5731,1,
,09:38:01,9082,9082,9082,5731,1,
,09:38:01,9083,9082,9083,5732,1,
,09:38:02,9083,9082,9083,5732,1,
,09:38:03,9083,9082,9083,5733,1,
,09:38:04,9083,9082,9083,5734,1,
,09:38:05,9083,9082,9083,5734,1,
,09:38:05,9084,9082,9084,5745,11,
,09:38:06,9084,9082,9084,5745,11,
,09:38:06,9084,9082,9083,5746,1,
,09:38:07,9084,9082,9083,5746,1,
,09:38:07,9084,9081,9081,5753,7,
,09:38:08,9084,9081,9081,5753,7,
,09:38:09,9084,9081,9081,5753,7,
,09:38:10,9084,9081,9081,5753,7,
,09:38:11,9084,9081,9084,5760,7,
,09:38:11,9084,9081,9084,5763,3,
,09:38:12,9084,9081,9084,5763,3,
,09:38:12,9084,9081,9083,5764,1,
,09:38:13,9084,9081,9082,5766,2,
,09:38:13,9084,9081,9084,5773,7,
,09:38:14,9084,9081,9084,5773,7,
,09:38:14,9084,9081,9084,5776,3,
,09:38:15,9084,9081,9084,5776,3,
,09:38:16,9085,9081,9085,5777,1,
,09:38:16,9085,9081,9085,5778,1,
,09:38:17,9085,9081,9084,5779,1,
,09:38:18,9085,9081,9084,5779,1,
,09:38:18,9085,9081,9085,5781,2,
,09:38:19,9085,9081,9085,5782,1,
,09:38:19,9085,9081,9085,5783,1,
,09:38:20,9085,9081,9085,5783,1,
,09:38:21,9086,9081,9085,5788,5,
,09:38:22,9086,9081,9085,5788,5,
,09:38:23,9086,9081,9085,5790,2,
,09:38:25,9087,9081,9087,5795,5,
,09:38:25,9090,9081,9090,5834,39,
,09:38:26,9090,9081,9090,5834,39,
,09:38:26,9091,9081,9090,5839,5,
,09:38:27,9091,9081,9091,5844,5,
,09:38:27,9091,9081,9091,5849,5,
,09:38:28,9091,9081,9090,5850,1,
,09:38:28,9092,9081,9092,5858,8,
,09:38:29,9092,9081,9092,5858,8,
,09:38:29,9093,9081,9093,5864,6,
,09:38:30,9093,9081,9092,5873,9,
,09:38:31,9093,9081,9092,5873,9,
,09:38:31,9093,9081,9091,5874,1,
,09:38:32,9093,9081,9091,5874,1,
,09:38:32,9093,9081,9089,5891,17,
,09:38:33,9093,9081,9089,5891,17,
,09:38:33,9093,9081,9086,5903,12,
,09:38:34,9093,9081,9086,5919,16,
,09:38:34,9093,9081,9086,5937,18,
,09:38:35,9093,9081,9085,5938,1,
,09:38:35,9093,9081,9086,5944,6,
,09:38:37,9093,9081,9087,5947,3,
,09:38:37,9093,9081,9089,5951,4,
,09:38:38,9093,9081,9089,5952,1,
,09:38:38,9093,9081,9090,5958,6,
,09:38:39,9093,9081,9089,5960,2,
,09:38:39,9093,9081,9088,5963,3,
,09:38:40,9093,9081,9087,5964,1,
,09:38:40,9093,9081,9087,5972,8,
,09:38:41,9093,9081,9087,5972,8,
,09:38:41,9093,9081,9088,5974,2,
,09:38:42,9093,9081,9088,5974,2,
,09:38:42,9093,9081,9085,5977,3,
,09:38:43,9093,9081,9085,5977,3,
,09:38:43,9093,9081,9086,5982,5,
,09:38:44,9093,9081,9087,5984,2,
,09:38:45,9093,9081,9087,5984,2,
,09:38:46,9093,9081,9087,5984,2,
,09:38:47,9093,9081,9087,5985,1,
,09:38:47,9093,9081,9085,6006,21,
,09:38:48,9093,9081,9084,6008,2,
,09:38:48,9093,9081,9084,6010,2,
,09:38:49,9093,9081,9084,6010,2,
,09:38:49,9093,9081,9085,6012,2,
,09:38:50,9093,9081,9085,6012,2,
,09:38:51,9093,9081,9086,6014,2,
,09:38:52,9093,9081,9084,6015,1,
,09:38:53,9093,9081,9085,6018,3,
,09:38:53,9093,9081,9087,6025,7,
,09:38:54,9093,9081,9087,6025,7,
,09:38:55,9093,9081,9087,6025,7,
,09:38:56,9093,9081,9087,6025,7,
,09:38:57,9093,9081,9087,6025,7,
,09:38:57,9093,9081,9087,6029,4,
,09:38:58,9093,9081,9087,6029,4,
,09:38:58,9093,9081,9088,6038,9,
,09:38:59,9093,9081,9088,6038,9,
,09:38:59,9093,9081,9086,6044,6,
,09:39:00,9086,9086,9086,6044,6,
,09:39:00,9086,9086,9086,6045,1,
,09:39:01,9086,9084,9084,6054,9,
,09:39:02,9086,9084,9084,6054,9,
,09:39:02,9086,9084,9086,6064,10,
,09:39:03,9086,9084,9086,6064,10,
,09:39:03,9086,9084,9086,6068,4,
,09:39:04,9086,9082,9082,6104,36,
,09:39:05,9086,9082,9083,6107,3,
,09:39:06,9086,9082,9083,6107,3,
,09:39:06,9086,9080,9080,6114,7,
,09:39:07,9086,9079,9079,6139,25,
,09:39:08,9086,9078,9078,6146,7,
,09:39:09,9086,9078,9078,6146,7,
,09:39:09,9086,9078,9078,6146,7,
,09:39:10,9086,9078,9082,6162,16,
,09:39:11,9086,9078,9081,6169,7,
,09:39:12,9086,9078,9082,6172,3,
,09:39:13,9086,9078,9082,6172,3,
,09:39:14,9086,9078,9082,6172,3,
,09:39:14,9086,9078,9081,6173,1,
,09:39:15,9086,9078,9081,6173,1,
,09:39:15,9086,9078,9080,6176,3,
,09:39:16,9086,9078,9080,6183,7,
,09:39:17,9086,9078,9080,6183,7,
,09:39:17,9086,9078,9081,6184,1,
,09:39:18,9086,9078,9081,6184,1,
,09:39:19,9086,9078,9081,6186,2,
,09:39:20,9086,9078,9081,6186,2,
,09:39:20,9086,9078,9081,6191,5,
,09:39:21,9086,9078,9081,6191,5,
,09:39:22,9086,9078,9080,6192,1,
,09:39:22,9086,9078,9081,6197,5,
,09:39:23,9086,9078,9081,6197,5,
,09:39:23,9086,9078,9081,6199,2,
,09:39:24,9086,9078,9081,6199,2,
,09:39:25,9086,9078,9081,6199,2,
,09:39:25,9086,9078,9082,6201,2,
,09:39:26,9086,9078,9082,6201,2,
,09:39:27,9086,9078,9082,6201,2,
,09:39:29,9086,9078,9082,6205,4,
,09:39:29,9086,9078,9082,6206,1,
,09:39:30,9086,9078,9082,6207,1,
,09:39:31,9086,9078,9082,6207,1,
,09:39:31,9086,9078,9082,6208,1,
,09:39:32,9086,9078,9082,6209,1,
,09:39:33,9086,9078,9082,6209,1,
,09:39:34,9086,9078,9082,6209,1,
,09:39:34,9086,9078,9083,6214,5,
,09:39:35,9086,9078,9082,6224,10,
,09:39:36,9086,9078,9082,6224,10,
,09:39:37,9086,9078,9081,6225,1,
,09:39:41,9086,9078,9080,6228,3,
,09:39:41,9086,9078,9080,6229,1,
,09:39:42,9086,9078,9080,6229,1,
,09:39:42,9086,9078,9081,6231,2,
,09:39:43,9086,9078,9081,6231,2,
,09:39:43,9086,9078,9082,6234,3,
,09:39:44,9086,9078,9083,6237,3,
,09:39:46,9086,9078,9083,6239,2,
,09:39:46,9086,9078,9083,6242,3,
,09:39:50,9086,9078,9082,6243,1,
,09:39:50,9086,9078,9082,6244,1,
,09:39:51,9086,9078,9082,6244,1,
,09:39:51,9086,9078,9084,6254,10,
,09:39:52,9086,9078,9084,6254,10,
,09:39:52,9086,9078,9084,6258,4,
,09:39:53,9086,9078,9084,6258,4,
,09:39:53,9086,9078,9082,6259,1,
,09:39:54,9086,9078,9082,6259,1,
,09:39:54,9086,9078,9082,6259,1,
,09:39:57,9086,9078,9083,6262,3,
,09:39:57,9086,9078,9082,6267,5,
,09:39:58,9086,9078,9082,6267,5,
,09:39:59,9086,9078,9082,6267,5,
,09:39:59,9086,9078,9084,6271,4,
,09:40:00,9086,9086,9086,6276,5,
,09:40:00,9086,9086,9086,6286,10,
,09:40:01,9086,9086,9086,6286,10,
,09:40:01,9088,9086,9087,6299,13,
,09:40:02,9088,9086,9087,6299,13,
,09:40:03,9088,9086,9087,6300,1,
,09:40:04,9088,9086,9087,6300,1,
,09:40:05,9088,9086,9087,6300,1,
,09:40:05,9089,9086,9087,6320,20,
,09:40:06,9089,9086,9087,6320,20,
,09:40:06,9089,9086,9087,6324,4,
,09:40:07,9089,9086,9089,6326,2,
,09:40:07,9090,9086,9089,6330,4,
,09:40:08,9090,9086,9089,6330,4,
,09:40:09,9090,9086,9089,6331,1,
,09:40:09,9090,9086,9088,6332,1,
,09:40:10,9090,9086,9088,6334,2,
,09:40:10,9090,9086,9086,6341,7,
,09:40:11,9090,9086,9086,6342,1,
,09:40:13,9090,9086,9086,6342,1,
,09:40:13,9090,9086,9087,6345,3,
,09:40:14,9090,9086,9087,6345,3,
,09:40:14,9090,9086,9087,6346,1,
,09:40:15,9090,9086,9087,6346,1,
,09:40:16,9090,9086,9087,6346,1,
,09:40:17,9090,9086,9087,6346,1,
,09:40:18,9090,9086,9087,6348,2,
,09:40:18,9090,9086,9086,6350,2,
,09:40:19,9090,9086,9086,6350,2,
,09:40:20,9090,9086,9086,6356,6,
,09:40:21,9090,9086,9086,6356,6,
,09:40:22,9090,9086,9086,6356,6,
,09:40:23,9090,9086,9086,6359,3,
,09:40:24,9090,9084,9084,6366,7,
,09:40:25,9090,9084,9084,6366,7,
,09:40:25,9090,9084,9084,6368,2,
,09:40:27,9090,9084,9084,6368,2,
,09:40:27,9090,9084,9085,6369,1,
,09:40:28,9090,9084,9085,6369,1,
,09:40:29,9090,9084,9085,6369,1,
,09:40:29,9090,9084,9085,6371,2,
,09:40:30,9090,9084,9085,6371,2,
,09:40:31,9090,9084,9087,6373,2,
,09:40:31,9090,9084,9085,6374,1,
,09:40:32,9090,9084,9085,6374,1,
,09:40:32,9090,9084,9085,6374,1,
,09:40:33,9090,9084,9085,6374,1,
,09:40:33,9090,9084,9085,6375,1,
,09:40:34,9090,9084,9086,6378,3,
,09:40:34,9090,9084,9087,6380,2,
,09:40:35,9090,9084,9087,6380,2,
,09:40:35,9090,9084,9088,6381,1,
,09:40:36,9090,9084,9088,6382,1,
,09:40:36,9090,9084,9088,6389,7,
,09:40:37,9090,9084,9088,6391,2,
,09:40:37,9090,9084,9089,6398,7,
,09:40:38,9090,9084,9090,6403,5,
,09:40:38,9090,9084,9090,6404,1,
,09:40:39,9091,9084,9091,6405,1,
,09:40:39,9091,9084,9091,6409,4,
,09:40:40,9091,9084,9091,6410,1,
,09:40:40,9091,9084,9090,6424,14,
,09:40:41,9091,9084,9089,6425,1,
,09:40:41,9091,9084,9089,6427,2,
,09:40:42,9091,9084,9089,6428,1,
,09:40:43,9091,9084,9089,6428,1,
,09:40:43,9091,9084,9089,6430,2,
,09:40:44,9091,9084,9089,6430,2,
,09:40:45,9091,9084,9089,6430,2,
,09:40:45,9091,9084,9090,6432,2,
,09:40:46,9092,9084,9092,6449,17,
,09:40:47,9092,9084,9092,6449,17,
,09:40:47,9093,9084,9093,6455,6,
,09:40:48,9093,9084,9091,6456,1,
,09:40:48,9093,9084,9091,6470,14,
,09:40:49,9093,9084,9091,6470,14,
,09:40:49,9093,9084,9091,6482,12,
,09:40:50,9093,9084,9091,6482,12,
,09:40:51,9093,9084,9093,6483,1,
,09:40:51,9093,9084,9093,6487,4,
,09:40:52,9093,9084,9093,6487,4,
,09:40:52,9093,9084,9093,6489,2,
,09:40:53,9093,9084,9093,6491,2,
,09:40:53,9093,9084,9092,6492,1,
,09:40:54,9093,9084,9093,6493,1,
,09:40:54,9093,9084,9092,6494,1,
,09:40:55,9093,9084,9091,6496,2,
,09:40:56,9093,9084,9090,6499,3,
,09:40:57,9093,9084,9090,6499,3,
,09:40:57,9093,9084,9090,6499,3,
,09:40:58,9093,9084,9089,6502,3,
,09:40:59,9093,9084,9089,6505,3,
,09:41:00,9091,9091,9091,6512,7,
,09:41:00,9092,9091,9092,6514,2,
,09:41:01,9092,9091,9092,6517,3,
,09:41:01,9093,9091,9093,6520,3,
,09:41:02,9093,9091,9093,6521,1,
,09:41:02,9094,9091,9094,6532,11,
,09:41:03,9094,9091,9094,6532,11,
,09:41:03,9095,9091,9095,6537,5,
,09:41:04,9095,9091,9093,6543,6,
,09:41:05,9095,9091,9093,6543,6,
,09:41:05,9095,9091,9091,6556,13,
,09:41:06,9095,9090,9090,6557,1,
,09:41:07,9095,9090,9092,6575,18,
,09:41:08,9095,9090,9092,6575,18,
,09:41:08,9095,9090,9091,6576,1,
,09:41:09,9095,9090,9091,6576,1,
,09:41:09,9095,9090,9091,6576,1,
,09:41:10,9095,9090,9091,6576,1,
,09:41:11,9095,9090,9092,6578,2,
,09:41:12,9095,9090,9093,6584,6,
,09:41:13,9095,9090,9093,6586,2,
,09:41:14,9095,9090,9093,6588,2,
,09:41:14,9095,9090,9093,6592,4,
,09:41:15,9095,9090,9092,6593,1,
,09:41:15,9095,9090,9092,6594,1,
,09:41:16,9095,9090,9092,6594,1,
,09:41:16,9095,9090,9092,6596,2,
,09:41:17,9095,9090,9093,6599,3,
,09:41:18,9095,9090,9093,6599,3,
,09:41:18,9095,9090,9093,6600,1,
,09:41:19,9095,9090,9093,6600,1,
,09:41:21,9095,9090,9093,6600,1,
,09:41:21,9095,9090,9093,6600,1,
,09:41:23,9095,9090,9094,6606,6,
,09:41:24,9095,9090,9094,6606,6,
,09:41:25,9095,9090,9094,6606,6,
,09:41:25,9095,9090,9094,6606,6,
,09:41:26,9095,9090,9094,6606,6,
,09:41:27,9095,9090,9092,6611,5,
,09:41:28,9095,9090,9092,6616,5,
,09:41:29,9095,9090,9092,6617,1,
,09:41:30,9095,9090,9092,6617,1,
,09:41:30,9095,9090,9092,6617,1,
,09:41:32,9095,9090,9090,6634,17,
,09:41:32,9095,9090,9090,6637,3,
,09:41:34,9095,9089,9090,6652,15,
,09:41:35,9095,9089,9091,6653,1,
,09:41:35,9095,9089,9091,6653,1,
,09:41:37,9095,9089,9092,6655,2,
,09:41:37,9095,9089,9091,6657,2,
,09:41:38,9095,9089,9091,6657,2,
,09:41:38,9095,9089,9091,6657,2,
,09:41:39,9095,9089,9090,6660,3,
,09:41:40,9095,9089,9090,6661,1,
,09:41:41,9095,9089,9090,6661,1,
,09:41:42,9095,9089,9090,6661,1,
,09:41:42,9095,9089,9089,6663,2,
,09:41:43,9095,9089,9089,6663,2,
,09:41:43,9095,9088,9088,6670,7,
,09:41:44,9095,9088,9088,6670,7,
,09:41:44,9095,9088,9088,6671,1,
,09:41:45,9095,9087,9087,6677,6,
,09:41:46,9095,9087,9087,6679,2,
,09:41:47,9095,9087,9087,6679,2,
,09:41:48,9095,9087,9087,6679,2,
,09:41:48,9095,9087,9088,6682,3,
,09:41:49,9095,9087,9089,6683,1,
,09:41:49,9095,9087,9090,6685,2,
,09:41:51,9095,9087,9090,6687,2,
,09:41:51,9095,9087,9089,6688,1,
,09:41:52,9095,9087,9089,6688,1,
,09:41:52,9095,9087,9090,6689,1,
,09:41:53,9095,9087,9090,6689,1,
,09:41:53,9095,9087,9089,6691,2,
,09:41:54,9095,9087,9089,6691,2,
,09:41:54,9095,9087,9091,6694,3,
,09:41:55,9095,9087,9091,6694,3,
,09:41:55,9095,9087,9092,6695,1,
,09:41:56,9095,9087,9093,6701,6,
,09:41:56,9095,9087,9093,6705,4,
,09:41:57,9095,9087,9093,6707,2,
,09:41:58,9095,9087,9093,6707,2,
,09:41:58,9095,9087,9093,6708,1,
,09:42:00,9092,9092,9092,6709,1,
,09:42:00,9092,9092,9092,6710,1,
,09:42:01,9092,9092,9092,6711,1,
,09:42:02,9093,9092,9093,6712,1,
,09:42:02,9093,9091,9091,6714,2,
,09:42:03,9093,9090,9090,6718,4,
,09:42:04,9093,9090,9090,6719,1,
,09:42:04,9093,9090,9090,6720,1,
,09:42:05,9093,9090,9090,6721,1,
,09:42:05,9093,9090,9091,6722,1,
,09:42:06,9093,9090,9091,6722,1,
,09:42:08,9093,9089,9089,6723,1,
,09:42:08,9093,9089,9089,6725,2,
,09:42:09,9093,9087,9088,6737,12,
,09:42:10,9093,9087,9088,6737,12,
,09:42:10,9093,9087,9089,6739,2,
,09:42:11,9093,9087,9089,6739,2,
,09:42:13,9093,9087,9089,6740,1,
,09:42:13,9093,9087,9088,6742,2,
,09:42:14,9093,9087,9088,6742,2,
,09:42:15,9093,9087,9090,6745,3,
,09:42:16,9093,9087,9090,6745,3,
,09:42:16,9093,9087,9090,6746,1,
,09:42:18,9093,9087,9091,6751,5,
,09:42:19,9093,9087,9091,6751,5,
,09:42:20,9093,9087,9091,6751,5,
,09:42:20,9093,9087,9090,6752,1,
,09:42:21,9093,9087,9090,6752,1,
,09:42:22,9093,9087,9090,6752,1,
,09:42:23,9093,9087,9090,6753,1,
,09:42:24,9093,9087,9089,6756,3,
,09:42:24,9093,9087,9090,6761,5,
,09:42:25,9093,9087,9090,6761,5,
,09:42:26,9093,9087,9089,6763,2,
,09:42:27,9093,9087,9089,6763,2,
,09:42:28,9093,9087,9088,6764,1,
,09:42:29,9093,9087,9088,6764,1,
,09:42:30,9093,9087,9088,6764,1,
,09:42:32,9093,9087,9090,6767,3,
,09:42:33,9093,9087,9090,6767,3,
,09:42:34,9093,9087,9089,6769,2,
,09:42:34,9093,9087,9089,6769,2,
,09:42:36,9093,9087,9089,6769,2,
,09:42:39,9093,9087,9088,6771,2,
,09:42:39,9093,9087,9088,6773,2,
,09:42:41,9093,9087,9087,6776,3,
,09:42:42,9093,9086,9086,6785,9,
,09:42:42,9093,9084,9084,6797,12,
,09:42:43,9093,9084,9084,6805,8,
,09:42:43,9093,9084,9084,6806,1,
,09:42:45,9093,9084,9085,6807,1,
,09:42:45,9093,9084,9085,6816,9,
,09:42:46,9093,9084,9086,6819,3,
,09:42:46,9093,9084,9086,6823,4,
,09:42:47,9093,9084,9086,6824,1,
,09:42:47,9093,9084,9087,6828,4,
,09:42:48,9093,9084,9087,6828,4,
,09:42:48,9093,9083,9083,6842,14,
,09:42:49,9093,9083,9083,6847,5,
,09:42:50,9093,9083,9084,6849,2,
,09:42:50,9093,9083,9084,6854,5,
,09:42:51,9093,9083,9084,6854,5,
,09:42:51,9093,9083,9083,6858,4,
,09:42:52,9093,9083,9084,6862,4,
,09:42:53,9093,9083,9083,6865,3,
,09:42:54,9093,9082,9082,6866,1,
,09:42:55,9093,9082,9082,6872,6,
,09:42:56,9093,9082,9083,6878,6,
,09:42:57,9093,9082,9083,6878,6,
,09:42:58,9093,9082,9083,6878,6,
,09:42:59,9093,9082,9083,6878,6,
,09:43:00,9085,9085,9085,6881,3,
,09:43:00,9085,9085,9085,6888,7,
,09:43:01,9085,9085,9085,6888,7,
,09:43:02,9085,9085,9085,6888,7,
,09:43:03,9085,9085,9085,6889,1,
,09:43:04,9085,9085,9085,6890,1,
,09:43:05,9085,9085,9085,6890,1,
,09:43:05,9089,9085,9089,6906,16,
,09:43:06,9089,9085,9089,6907,1,
,09:43:06,9089,9085,9088,6911,4,
,09:43:07,9089,9085,9088,6911,4,
,09:43:07,9089,9085,9088,6911,4,
,09:43:08,9089,9085,9088,6911,4,
,09:43:09,9089,9085,9087,6912,1,
,09:43:10,9089,9085,9087,6912,1,
,09:43:10,9089,9085,9086,6913,1,
,09:43:11,9089,9085,9086,6913,1,
,09:43:12,9089,9085,9088,6916,3,
,09:43:12,9089,9085,9087,6917,1,
,09:43:13,9089,9085,9087,6917,1,
,09:43:14,9089,9085,9088,6918,1,
,09:43:15,9089,9085,9088,6918,1,
,09:43:15,9089,9085,9088,6919,1,
,09:43:16,9089,9085,9088,6919,1,
,09:43:16,9089,9085,9086,6935,16,
,09:43:18,9089,9085,9087,6936,1,
,09:43:18,9089,9085,9087,6939,3,
,09:43:19,9089,9085,9086,6940,1,
,09:43:19,9089,9085,9085,6941,1,
,09:43:20,9089,9085,9086,6942,1,
,09:43:20,9089,9085,9085,6944,2,
,09:43:21,9089,9085,9085,6944,2,
,09:43:21,9089,9085,9085,6946,2,
,09:43:22,9089,9085,9085,6947,1,
,09:43:22,9089,9085,9085,6947,1,
,09:43:23,9089,9085,9086,6949,2,
,09:43:24,9089,9085,9086,6949,2,
,09:43:25,9089,9085,9086,6949,2,
,09:43:25,9089,9085,9085,6951,2,
,09:43:26,9089,9084,9084,6956,5,
,09:43:26,9089,9084,9084,6956,5,
,09:43:28,9089,9084,9085,6960,4,
,09:43:29,9089,9084,9085,6960,4,
,09:43:30,9089,9084,9085,6960,4,
,09:43:31,9089,9084,9085,6961,1,
,09:43:32,9089,9084,9085,6961,1,
,09:43:32,9089,9084,9085,6965,4,
,09:43:33,9089,9084,9085,6965,4,
,09:43:33,9089,9084,9085,6966,1,
,09:43:34,9089,9084,9085,6966,1,
,09:43:34,9089,9084,9085,6966,1,
,09:43:35,9089,9084,9085,6966,1,
,09:43:36,9089,9084,9085,6966,1,
,09:43:36,9089,9084,9085,6967,1,
,09:43:37,9089,9084,9085,6967,1,
,09:43:38,9089,9084,9085,6967,1,
,09:43:39,9089,9084,9085,6967,1,
,09:43:40,9089,9084,9086,6970,3,
,09:43:41,9089,9084,9085,6971,1,
,09:43:43,9089,9084,9086,6972,1,
,09:43:45,9089,9084,9085,6973,1,
,09:43:46,9089,9084,9085,6973,1,
,09:43:46,9089,9084,9084,6975,2,
,09:43:49,9089,9084,9085,6976,1,
,09:43:51,9089,9084,9085,6976,1,
,09:43:51,9089,9084,9085,6977,1,
,09:43:52,9089,9084,9085,6983,6,
,09:43:53,9089,9084,9085,6983,6,
,09:43:53,9089,9084,9086,6988,5,
,09:43:54,9089,9084,9086,6988,5,
,09:43:54,9089,9084,9086,6989,1,
,09:43:55,9089,9084,9086,6989,1,
,09:43:55,9089,9084,9086,6989,1,
,09:43:56,9089,9084,9087,6990,1,
,09:43:56,9089,9084,9088,6996,6,
,09:43:57,9089,9084,9088,6998,2,
,09:43:57,9089,9084,9088,7006,8,
,09:43:58,9089,9084,9087,7013,7,
,09:43:59,9089,9084,9087,7013,7,
,09:44:00,9087,9087,9087,7013,7,
,09:44:01,9087,9087,9087,7013,7,
,09:44:01,9088,9087,9088,7014,1,
,09:44:02,9088,9087,9088,7014,1,
,09:44:03,9088,9087,9088,7014,1,
,09:44:04,9088,9087,9088,7014,1,
,09:44:04,9091,9087,9091,7040,26,
,09:44:05,9092,9087,9092,7050,10,
,09:44:05,9093,9087,9093,7052,2,
,09:44:06,9093,9087,9093,7054,2,
,09:44:07,9093,9087,9093,7054,2,
,09:44:08,9093,9087,9092,7055,1,
,09:44:08,9093,9087,9092,7058,3,
,09:44:09,9093,9087,9093,7059,1,
,09:44:10,9093,9087,9092,7067,8,
,09:44:11,9093,9087,9092,7067,8,
,09:44:12,9093,9087,9092,7067,8,
,09:44:12,9093,9087,9091,7092,25,
,09:44:13,9093,9087,9093,7101,9,
,09:44:14,9093,9087,9092,7102,1,
,09:44:14,9094,9087,9093,7111,9,
,09:44:15,9094,9087,9093,7111,9,
,09:44:15,9094,9087,9093,7114,3,
,09:44:16,9094,9087,9092,7116,2,
,09:44:16,9094,9087,9092,7126,10,
,09:44:17,9094,9087,9093,7127,1,
,09:44:18,9094,9087,9093,7127,1,
,09:44:18,9094,9087,9092,7129,2,
,09:44:19,9094,9087,9092,7130,1,
,09:44:19,9094,9087,9093,7134,4,
,09:44:20,9094,9087,9094,7135,1,
,09:44:21,9094,9087,9094,7136,1,
,09:44:21,9094,9087,9093,7141,5,
,09:44:22,9094,9087,9093,7141,5,
,09:44:22,9094,9087,9093,7149,8,
,09:44:23,9094,9087,9093,7149,8,
,09:44:24,9094,9087,9093,7150,1,
,09:44:24,9094,9087,9093,7151,1,
,09:44:25,9094,9087,9092,7153,2,
,09:44:26,9094,9087,9092,7153,2,
,09:44:26,9094,9087,9092,7155,2,
,09:44:27,9094,9087,9093,7156,1,
,09:44:27,9094,9087,9093,7160,4,
,09:44:28,9094,9087,9093,7160,4,
,09:44:28,9094,9087,9093,7160,4,
,09:44:30,9094,9087,9089,7166,6,
,09:44:31,9094,9087,9089,7166,6,
,09:44:31,9094,9087,9090,7193,27,
,09:44:32,9094,9087,9091,7194,1,
,09:44:32,9094,9087,9092,7195,1,
,09:44:33,9094,9087,9092,7195,1,
,09:44:35,9094,9087,9093,7197,2,
,09:44:36,9094,9087,9093,7198,1,
,09:44:38,9094,9087,9093,7200,2,
,09:44:39,9096,9087,9096,7214,14,
,09:44:40,9096,9087,9096,7214,14,
,09:44:41,9096,9087,9096,7214,14,
,09:44:41,9096,9087,9094,7235,21,
,09:44:42,9096,9087,9094,7235,21,
,09:44:42,9096,9087,9094,7239,4,
,09:44:43,9096,9087,9096,7293,54,
,09:44:44,9097,9087,9097,7298,5,
,09:44:44,9097,9087,9096,7300,2,
,09:44:45,9097,9087,9096,7302,2,
,09:44:45,9097,9087,9095,7303,1,
,09:44:46,9097,9087,9096,7304,1,
,09:44:48,9097,9087,9095,7310,6,
,09:44:49,9097,9087,9096,7311,1,
,09:44:49,9097,9087,9096,7312,1,
,09:44:50,9097,9087,9096,7312,1,
,09:44:50,9097,9087,9096,7314,2,
,09:44:51,9097,9087,9096,7314,2,
,09:44:51,9097,9087,9096,7314,2,
,09:44:53,9097,9087,9096,7314,2,
,09:44:53,9097,9087,9095,7325,11,
,09:44:54,9097,9087,9095,7325,11,
,09:44:54,9097,9087,9095,7326,1,
,09:44:55,9097,9087,9094,7332,6,
,09:44:55,9097,9087,9093,7333,1,
,09:44:56,9097,9087,9094,7335,2,
,09:44:56,9097,9087,9093,7343,8,
,09:44:57,9097,9087,9092,7349,6,
,09:44:58,9097,9087,9092,7349,6,
,09:44:58,9097,9087,9091,7350,1,
,09:44:59,9097,9087,9092,7384,34,
,09:45:00,9092,9092,9092,7386,2,
,09:45:00,9093,9092,9093,7398,12,
,09:45:01,9093,9092,9093,7398,12,
,09:45:01,9093,9092,9093,7405,7,
,09:45:02,9093,9092,9093,7407,2,
,09:45:02,9093,9092,9092,7414,7,
,09:45:03,9093,9092,9092,7414,7,
,09:45:03,9093,9092,9093,7416,2,
,09:45:04,9093,9092,9092,7419,3,
,09:45:04,9093,9092,9092,7424,5,
,09:45:05,9093,9092,9092,7425,1,
,09:45:05,9093,9091,9091,7426,1,
,09:45:06,9093,9091,9091,7428,2,
,09:45:07,9093,9091,9091,7429,1,
,09:45:07,9093,9091,9091,7433,4,
,09:45:08,9093,9091,9091,7438,5,
,09:45:09,9093,9091,9091,7438,5,
,09:45:09,9093,9090,9090,7443,5,
,09:45:10,9093,9090,9092,7449,6,
,09:45:11,9093,9090,9092,7449,6,
,09:45:11,9093,9090,9092,7450,1,
,09:45:12,9093,9090,9091,7451,1,
,09:45:12,9093,9090,9093,7453,2,
,09:45:13,9093,9090,9093,7453,2,
,09:45:13,9093,9090,9093,7456,3,
,09:45:14,9094,9090,9094,7459,3,
,09:45:15,9094,9090,9094,7459,3,
,09:45:15,9094,9090,9093,7460,1,
,09:45:16,9094,9090,9093,7460,1,
,09:45:17,9094,9090,9093,7471,11,
,09:45:18,9094,9090,9093,7471,11,
,09:45:18,9094,9090,9092,7473,2,
,09:45:19,9094,9090,9093,7474,1,
,09:45:21,9094,9090,9093,7474,1,
,09:45:21,9094,9090,9093,7474,1,
,09:45:23,9094,9090,9092,7476,2,
,09:45:23,9094,9090,9092,7476,2,
,09:45:24,9094,9090,9092,7476,2,
,09:45:24,9094,9090,9092,7477,1,
,09:45:25,9094,9090,9092,7477,1,
,09:45:26,9094,9090,9092,7477,1,
,09:45:27,9094,9090,9092,7477,1,
,09:45:28,9094,9090,9092,7477,1,
,09:45:29,9094,9090,9092,7477,1,
,09:45:30,9094,9090,9092,7477,1,
,09:45:30,9094,9090,9092,7478,1,
,09:45:31,9094,9089,9089,7496,18,
,09:45:32,9094,9089,9089,7497,1,
,09:45:32,9094,9088,9088,7505,8,
,09:45:33,9094,9088,9088,7505,8,
,09:45:33,9094,9088,9089,7510,5,
,09:45:34,9094,9088,9089,7510,5,
,09:45:34,9094,9088,9089,7511,1,
,09:45:35,9094,9088,9089,7511,1,
,09:45:36,9094,9088,9089,7511,1,
,09:45:36,9094,9088,9088,7516,5,
,09:45:37,9094,9088,9088,7517,1,
,09:45:38,9094,9088,9088,7517,1,
,09:45:38,9094,9088,9088,7520,3,
,09:45:39,9094,9088,9088,7520,3,
,09:45:39,9094,9087,9087,7530,10,
,09:45:40,9094,9087,9087,7530,10,
,09:45:41,9094,9087,9087,7530,10,
,09:45:43,9094,9087,9087,7530,10,
,09:45:43,9094,9087,9087,7530,10,
,09:45:44,9094,9087,9087,7530,10,
,09:45:45,9094,9085,9086,7543,13,
,09:45:46,9094,9085,9086,7543,13,
,09:45:46,9094,9085,9086,7545,2,
,09:45:47,9094,9085,9087,7546,1,
,09:45:47,9094,9085,9087,7548,2,
,09:45:48,9094,9085,9087,7548,2,
,09:45:49,9094,9085,9087,7549,1,
,09:45:49,9094,9085,9089,7561,12,
,09:45:50,9094,9085,9089,7563,2,
,09:45:50,9094,9085,9089,7566,3,
,09:45:51,9094,9085,9089,7566,3,
,09:45:51,9094,9085,9089,7566,3,
,09:45:52,9094,9085,9090,7567,1,
,09:45:52,9094,9085,9090,7569,2,
,09:45:53,9094,9085,9090,7569,2,
,09:45:53,9094,9085,9090,7570,1,
,09:45:54,9094,9085,9090,7570,1,
,09:45:55,9094,9085,9090,7573,3,
,09:45:56,9094,9085,9092,7583,10,
,09:45:57,9094,9085,9093,7584,1,
,09:45:57,9094,9085,9094,7601,17,
,09:45:58,9095,9085,9095,7602,1,
,09:45:58,9097,9085,9097,7611,9,
,09:45:59,9100,9085,9100,7670,59,
,09:46:00,9100,9100,9100,7670,59,
,09:46:00,9100,9099,9100,7690,20,
,09:46:01,9100,9099,9100,7691,1,
,09:46:01,9102,9099,9102,7704,13,
,09:46:02,9102,9099,9101,7707,3,
,09:46:03,9102,9099,9101,7713,6,
,09:46:03,9102,9099,9102,7718,5,
,09:46:04,9104,9099,9104,7738,20,
,09:46:05,9104,9099,9104,7738,20,
,09:46:05,9104,9099,9104,7745,7,
,09:46:06,9104,9099,9104,7748,3,
,09:46:06,9105,9099,9105,7753,5,
,09:46:07,9105,9099,9105,7757,4,
,09:46:08,9105,9099,9102,7774,17,
,09:46:09,9105,9099,9102,7774,17,
,09:46:09,9105,9099,9103,7782,8,
,09:46:10,9105,9099,9100,7784,2,
,09:46:11,9105,9099,9100,7787,3,
,09:46:12,9105,9099,9101,7794,7,
,09:46:13,9105,9099,9101,7794,7,
,09:46:14,9105,9099,9101,7794,7,
,09:46:14,9105,9099,9101,7796,2,
,09:46:15,9105,9099,9101,7796,2,
,09:46:15,9105,9099,9099,7811,15,
,09:46:16,9105,9099,9099,7813,2,
,09:46:16,9105,9098,9098,7818,5,
,09:46:17,9105,9098,9098,7819,1,
,09:46:17,9105,9097,9097,7827,8,
,09:46:18,9105,9097,9097,7830,3,
,09:46:18,9105,9097,9097,7837,7,
,09:46:19,9105,9097,9097,7837,7,
,09:46:20,9105,9097,9099,7840,3,
,09:46:21,9105,9097,9099,7840,3,
,09:46:22,9105,9097,9099,7843,3,
,09:46:23,9105,9097,9099,7843,3,
,09:46:23,9105,9097,9097,7851,8,
,09:46:24,9105,9097,9097,7856,5,
,09:46:25,9105,9096,9096,7864,8,
,09:46:26,9105,9096,9096,7867,3,
,09:46:27,9105,9096,9096,7867,3,
,09:46:28,9105,9096,9097,7878,11,
,09:46:29,9105,9096,9097,7878,11,
,09:46:29,9105,9096,9096,7879,1,
,09:46:30,9105,9095,9095,7886,7,
,09:46:30,9105,9095,9096,7890,4,
,09:46:31,9105,9095,9096,7891,1,
,09:46:32,9105,9095,9096,7892,1,
,09:46:32,9105,9095,9097,7893,1,
,09:46:33,9105,9095,9097,7894,1,
,09:46:34,9105,9095,9096,7897,3,
,09:46:35,9105,9095,9097,7899,2,
,09:46:35,9105,9095,9096,7900,1,
,09:46:36,9105,9095,9096,7900,1,
,09:46:37,9105,9095,9095,7902,2,
,09:46:37,9105,9094,9094,7914,12,
,09:46:38,9105,9094,9094,7914,12,
,09:46:38,9105,9094,9095,7915,1,
,09:46:39,9105,9094,9095,7915,1,
,09:46:39,9105,9094,9095,7916,1,
,09:46:40,9105,9094,9096,7917,1,
,09:46:40,9105,9094,9096,7922,5,
,09:46:41,9105,9094,9096,7926,4,
,09:46:41,9105,9094,9096,7928,2,
,09:46:42,9105,9094,9097,7929,1,
,09:46:43,9105,9094,9097,7931,2,
,09:46:43,9105,9094,9096,7954,23,
,09:46:44,9105,9094,9097,7962,8,
,09:46:45,9105,9094,9096,7964,2,
,09:46:45,9105,9094,9097,7968,4,
,09:46:46,9105,9094,9097,7968,4,
,09:46:47,9105,9094,9096,7972,4,
,09:46:48,9105,9094,9095,7976,4,
,09:46:49,9105,9094,9095,7978,2,
,09:46:50,9105,9094,9095,7980,2,
,09:46:51,9105,9094,9096,7981,1,
,09:46:52,9105,9094,9094,7993,12,
,09:46:53,9105,9094,9094,7993,12,
,09:46:53,9105,9094,9094,7994,1,
,09:46:54,9105,9094,9095,7995,1,
,09:46:54,9105,9094,9096,8000,5,
,09:46:55,9105,9094,9096,8001,1,
,09:46:55,9105,9094,9096,8003,2,
,09:46:56,9105,9094,9096,8003,2,
,09:46:56,9105,9094,9095,8004,1,
,09:46:57,9105,9094,9094,8006,2,
,09:46:57,9105,9094,9094,8010,4,
,09:46:58,9105,9094,9094,8011,1,
,09:46:59,9105,9093,9093,8029,18,
,09:47:00,9093,9093,9093,8029,18,
,09:47:01,9093,9093,9093,8030,1,
,09:47:02,9094,9093,9094,8042,12,
,09:47:03,9094,9093,9094,8042,12,
,09:47:04,9094,9093,9094,8042,12,
,09:47:05,9094,9091,9091,8057,15,
,09:47:06,9094,9091,9091,8057,15,
,09:47:06,9094,9091,9092,8059,2,
,09:47:07,9094,9091,9092,8059,2,
,09:47:07,9094,9091,9091,8067,8,
,09:47:08,9094,9091,9091,8070,3,
,09:47:08,9094,9091,9091,8070,3,
,09:47:10,9094,9091,9091,8070,3,
,09:47:10,9094,9091,9092,8071,1,
,09:47:11,9094,9091,9092,8072,1,
,09:47:11,9094,9091,9093,8078,6,
,09:47:12,9094,9091,9093,8078,6,
,09:47:13,9094,9091,9093,8078,6,
,09:47:14,9094,9091,9094,8083,5,
,09:47:15,9094,9091,9094,8084,1,
,09:47:16,9094,9091,9094,8084,1,
,09:47:16,9094,9091,9094,8090,6,
,09:47:17,9094,9091,9094,8091,1,
,09:47:17,9094,9091,9094,8092,1,
,09:47:18,9094,9091,9094,8092,1,
,09:47:18,9094,9091,9094,8094,2,
,09:47:19,9095,9091,9095,8110,16,
,09:47:20,9095,9091,9095,8110,16,
,09:47:20,9095,9091,9093,8119,9,
,09:47:21,9095,9091,9092,8126,7,
,09:47:22,9095,9089,9089,8150,24,
,09:47:23,9095,9085,9086,8198,48,
,09:47:24,9095,9085,9085,8201,3,
,09:47:25,9095,9084,9084,8202,1,
,09:47:25,9095,9084,9085,8204,2,
,09:47:26,9095,9084,9085,8205,1,
,09:47:27,9095,9084,9085,8206,1,
,09:47:27,9095,9083,9083,8231,25,
,09:47:28,9095,9082,9082,8248,17,
,09:47:29,9095,9082,9082,8250,2,
,09:47:29,9095,9082,9084,8252,2,
,09:47:30,9095,9082,9086,8269,17,
,09:47:31,9095,9082,9086,8269,17,
,09:47:31,9095,9082,9086,8270,1,
,09:47:32,9095,9082,9086,8270,1,
,09:47:32,9095,9082,9085,8273,3,
,09:47:33,9095,9082,9085,8273,3,
,09:47:33,9095,9082,9085,8274,1,
,09:47:34,9095,9082,9085,8274,1,
,09:47:34,9095,9082,9084,8280,6,
,09:47:35,9095,9082,9084,8286,6,
,09:47:36,9095,9082,9084,8286,6,
,09:47:37,9095,9082,9084,8286,6,
,09:47:37,9095,9082,9086,8289,3,
,09:47:38,9095,9082,9086,8289,3,
,09:47:38,9095,9082,9086,8290,1,
,09:47:39,9095,9082,9086,8290,1,
,09:47:39,9095,9082,9088,8296,6,
,09:47:40,9095,9082,9088,8308,12,
,09:47:41,9095,9082,9088,8308,12,
,09:47:42,9095,9082,9088,8308,12,
,09:47:42,9095,9082,9087,8312,4,
,09:47:43,9095,9082,9087,8312,4,
,09:47:43,9095,9082,9087,8312,4,
,09:47:45,9095,9082,9087,8315,3,
,09:47:46,9095,9082,9087,8315,3,
,09:47:47,9095,9082,9087,8315,3,
,09:47:48,9095,9082,9087,8317,2,
,09:47:48,9095,9082,9087,8321,4,
,09:47:49,9095,9082,9087,8322,1,
,09:47:50,9095,9082,9087,8322,1,
,09:47:50,9095,9082,9087,8323,1,
,09:47:51,9095,9082,9087,8323,1,
,09:47:52,9095,9082,9087,8323,1,
,09:47:54,9095,9082,9087,8323,1,
,09:47:55,9095,9082,9089,8339,16,
,09:47:56,9095,9082,9088,8344,5,
,09:47:57,9095,9082,9088,8344,5,
,09:47:58,9095,9082,9088,8344,5,
,09:47:59,9095,9082,9088,8344,5,
,09:47:59,9095,9082,9089,8345,1,
,09:48:00,9089,9089,9089,8345,1,
,09:48:00,9089,9088,9088,8350,5,
,09:48:01,9089,9088,9088,8350,5,
,09:48:02,9089,9088,9088,8350,5,
,09:48:02,9089,9088,9089,8353,3,
,09:48:03,9089,9088,9089,8354,1,
,09:48:03,9089,9088,9089,8354,1,
,09:48:04,9089,9088,9089,8354,1,
,09:48:05,9089,9088,9089,8354,1,
,09:48:05,9090,9088,9090,8356,2,
,09:48:06,9090,9088,9090,8360,4,
,09:48:06,9090,9088,9089,8368,8,
,09:48:07,9090,9088,9089,8368,8,
,09:48:07,9090,9088,9090,8369,1,
,09:48:08,9090,9088,9090,8369,1,
,09:48:08,9090,9088,9088,8377,8,
,09:48:09,9090,9088,9088,8377,8,
,09:48:10,9090,9088,9088,8379,2,
,09:48:13,9090,9088,9088,8381,2,
,09:48:13,9090,9088,9088,8382,1,
,09:48:14,9090,9088,9090,8395,13,
,09:48:15,9090,9088,9090,8395,13,
,09:48:15,9090,9088,9090,8395,13,
,09:48:16,9090,9088,9090,8402,7,
,09:48:17,9090,9088,9090,8402,7,
,09:48:18,9090,9088,9090,8402,7,
,09:48:19,9090,9088,9089,8408,6,
,09:48:20,9090,9088,9090,8434,26,
,09:48:21,9090,9088,9089,8436,2,
,09:48:22,9090,9088,9089,8437,1,
,09:48:22,9090,9088,9089,8438,1,
,09:48:23,9090,9088,9089,8438,1,
,09:48:24,9090,9088,9089,8438,1,
,09:48:25,9091,9088,9091,8447,9,
,09:48:26,9091,9088,9091,8447,9,
,09:48:26,9092,9088,9092,8453,6,
,09:48:27,9092,9088,9092,8454,1,
,09:48:28,9092,9088,9091,8457,3,
,09:48:29,9092,9088,9092,8459,2,
,09:48:29,9092,9088,9092,8463,4,
,09:48:30,9092,9088,9092,8463,4,
,09:48:31,9092,9088,9091,8468,5,
,09:48:32,9092,9088,9091,8468,5,
,09:48:33,9092,9088,9090,8471,3,
,09:48:34,9092,9088,9090,8472,1,
,09:48:34,9092,9088,9089,8478,6,
,09:48:35,9092,9088,9089,8479,1,
,09:48:35,9092,9088,9089,8480,1,
,09:48:36,9092,9088,9089,8480,1,
,09:48:37,9092,9088,9088,8482,2,
,09:48:38,9092,9088,9088,8489,7,
,09:48:39,9092,9088,9088,8489,7,
,09:48:39,9092,9088,9089,8492,3,
,09:48:40,9092,9088,9089,8492,3,
,09:48:40,9092,9088,9090,8494,2,
,09:48:41,9092,9088,9090,8494,2,
,09:48:41,9092,9088,9090,8494,2,
,09:48:42,9092,9088,9090,8494,2,
,09:48:42,9092,9088,9090,8495,1,
,09:48:43,9092,9088,9090,8495,1,
,09:48:44,9092,9088,9090,8495,1,
,09:48:45,9092,9088,9090,8495,1,
,09:48:45,9092,9088,9090,8500,5,
,09:48:46,9092,9088,9090,8500,5,
,09:48:46,9092,9088,9089,8501,1,
,09:48:47,9092,9088,9089,8501,1,
,09:48:47,9092,9088,9089,8503,2,
,09:48:48,9092,9088,9089,8503,2,
,09:48:49,9092,9088,9089,8503,2,
,09:48:50,9092,9088,9089,8503,2,
,09:48:50,9092,9088,9088,8504,1,
,09:48:51,9092,9088,9088,8506,2,
,09:48:51,9092,9088,9089,8507,1,
,09:48:52,9092,9088,9088,8512,5,
,09:48:53,9092,9088,9088,8512,5,
,09:48:53,9092,9088,9088,8513,1,
,09:48:54,9092,9088,9088,8513,1,
,09:48:55,9092,9087,9087,8520,7,
,09:48:56,9092,9087,9087,8520,7,
,09:48:56,9092,9087,9088,8521,1,
,09:48:57,9092,9087,9088,8522,1,
,09:48:58,9092,9087,9088,8522,1,
,09:48:58,9092,9087,9087,8526,4,
,09:48:59,9092,9086,9086,8539,13,
,09:49:00,9086,9086,9086,8539,13,
,09:49:00,9087,9086,9087,8545,6,
,09:49:01,9087,9086,9087,8546,1,
,09:49:02,9087,9086,9087,8546,1,
,09:49:02,9088,9086,9088,8547,1,
,09:49:03,9089,9086,9089,8551,4,
,09:49:03,9090,9086,9090,8554,3,
,09:49:04,9090,9086,9090,8554,3,
,09:49:05,9090,9086,9090,8554,3,
,09:49:06,9090,9086,9090,8554,3,
,09:49:06,9090,9086,9090,8557,3,
,09:49:07,9090,9086,9090,8557,3,
,09:49:08,9091,9086,9091,8558,1,
,09:49:08,9091,9086,9091,8560,2,
,09:49:09,9092,9086,9092,8569,9,
,09:49:10,9092,9086,9092,8570,1,
,09:49:12,9092,9086,9091,8572,2,
,09:49:12,9092,9086,9090,8576,4,
,09:49:13,9092,9086,9092,8577,1,
,09:49:13,9092,9086,9092,8577,1,
,09:49:15,9092,9086,9092,8577,1,
,09:49:16,9092,9086,9092,8577,1,
,09:49:16,9093,9086,9093,8579,2,
,09:49:17,9093,9086,9093,8582,3,
,09:49:19,9093,9086,9093,8582,3,
,09:49:20,9093,9086,9092,8587,5,
,09:49:21,9093,9086,9092,8587,5,
,09:49:22,9093,9086,9092,8587,5,
,09:49:23,9093,9086,9092,8587,5,
,09:49:24,9093,9086,9092,8587,5,
,09:49:24,9093,9086,9092,8592,5,
,09:49:25,9093,9086,9092,8592,5,
,09:49:25,9093,9086,9092,8593,1,
,09:49:26,9093,9086,9092,8593,1,
,09:49:26,9093,9086,9092,8595,2,
,09:49:27,9093,9086,9092,8595,2,
,09:49:29,9093,9086,9091,8598,3,
,09:49:30,9093,9086,9091,8598,3,
,09:49:31,9093,9086,9091,8598,3,
,09:49:32,9093,9086,9092,8599,1,
,09:49:33,9093,9086,9092,8603,4,
,09:49:34,9093,9086,9091,8605,2,
,09:49:34,9093,9086,9090,8609,4,
,09:49:35,9093,9086,9089,8615,6,
,09:49:36,9093,9086,9089,8628,13,
,09:49:37,9093,9086,9089,8628,13,
,09:49:37,9093,9086,9090,8634,6,
,09:49:38,9093,9086,9090,8636,2,
,09:49:38,9093,9086,9091,8641,5,
,09:49:39,9093,9086,9091,8641,5,
,09:49:39,9093,9086,9092,8643,2,
,09:49:40,9093,9086,9092,8655,12,
,09:49:41,9093,9086,9093,8658,3,
,09:49:41,9093,9086,9093,8661,3,
,09:49:42,9093,9086,9093,8661,3,
,09:49:44,9093,9086,9092,8663,2,
,09:49:45,9093,9086,9092,8663,2,
,09:49:45,9093,9086,9093,8672,9,
,09:49:46,9093,9086,9093,8672,9,
,09:49:46,9093,9086,9092,8673,1,
,09:49:47,9093,9086,9092,8673,1,
,09:49:47,9093,9086,9093,8674,1,
,09:49:48,9093,9086,9093,8674,1,
,09:49:49,9093,9086,9093,8679,5,
,09:49:50,9093,9086,9093,8679,5,
,09:49:50,9093,9086,9093,8679,5,
,09:49:52,9093,9086,9093,8679,5,
,09:49:52,9093,9086,9092,8682,3,
,09:49:53,9093,9086,9092,8684,2,
,09:49:54,9093,9086,9092,8684,2,
,09:49:54,9093,9086,9092,8688,4,
,09:49:55,9093,9086,9092,8689,1,
,09:49:55,9093,9086,9091,8696,7,
,09:49:56,9093,9086,9091,8696,7,
,09:49:56,9093,9086,9092,8700,4,
,09:49:57,9093,9086,9092,8700,4,
,09:49:57,9093,9086,9092,8704,4,
,09:49:58,9093,9086,9092,8704,4,
,09:49:59,9093,9086,9092,8704,4,
,09:49:59,9093,9086,9093,8705,1,
,09:50:00,9093,9093,9093,8706,1,
,09:50:01,9093,9092,9092,8711,5,
,09:50:01,9093,9092,9093,8714,3,
,09:50:02,9093,9092,9093,8714,3,
,09:50:02,9094,9092,9092,8720,6,
,09:50:03,9094,9092,9092,8721,1,
,09:50:03,9094,9091,9092,8726,5,
,09:50:04,9094,9091,9092,8726,5,
,09:50:04,9094,9091,9092,8726,5,
,09:50:05,9094,9091,9091,8728,2,
,09:50:06,9094,9091,9091,8728,2,
,09:50:06,9094,9091,9091,8729,1,
,09:50:08,9094,9090,9090,8730,1,
,09:50:08,9094,9090,9090,8730,1,
,09:50:09,9094,9090,9090,8730,1,
,09:50:10,9094,9089,9089,8734,4,
,09:50:10,9094,9089,9091,8746,12,
,09:50:11,9094,9089,9091,8746,12,
,09:50:11,9094,9089,9091,8747,1,
,09:50:13,9094,9089,9091,8747,1,
,09:50:15,9094,9089,9089,8749,2,
,09:50:16,9094,9089,9089,8749,2,
,09:50:16,9094,9088,9088,8756,7,
,09:50:18,9094,9087,9087,8764,8,
,09:50:19,9094,9087,9088,8765,1,
,09:50:20,9094,9087,9088,8765,1,
,09:50:20,9094,9087,9087,8769,4,
,09:50:21,9094,9087,9087,8770,1,
,09:50:21,9094,9087,9087,8770,1,
,09:50:22,9094,9087,9087,8770,1,
,09:50:23,9094,9086,9086,8778,8,
,09:50:23,9094,9086,9086,8779,1,
,09:50:24,9094,9086,9086,8780,1,
,09:50:25,9094,9086,9086,8780,1,
,09:50:25,9094,9086,9086,8784,4,
,09:50:26,9094,9086,9086,8784,4,
,09:50:27,9094,9086,9086,8784,4,
,09:50:27,9094,9084,9084,8795,11,
,09:50:28,9094,9084,9084,8795,11,
,09:50:28,9094,9084,9084,8796,1,
,09:50:29,9094,9084,9084,8796,1,
,09:50:29,9094,9084,9084,8796,1,
,09:50:30,9094,9084,9084,8796,1,
,09:50:31,9094,9084,9084,8797,1,
,09:50:31,9094,9084,9084,8798,1,
,09:50:32,9094,9083,9083,8799,1,
,09:50:33,9094,9083,9084,8813,14,
,09:50:34,9094,9083,9084,8813,14,
,09:50:35,9094,9083,9084,8815,2,
,09:50:35,9094,9083,9084,8816,1,
,09:50:36,9094,9083,9084,8816,1,
,09:50:36,9094,9083,9083,8828,12,
,09:50:37,9094,9083,9083,8828,12,
,09:50:38,9094,9082,9082,8840,12,
,09:50:39,9094,9082,9082,8840,12,
,09:50:39,9094,9082,9082,8841,1,
,09:50:40,9094,9079,9080,8890,49,
,09:50:41,9094,9079,9080,8890,49,
,09:50:42,9094,9079,9079,8898,8,
,09:50:43,9094,9079,9079,8898,8,
,09:50:43,9094,9079,9079,8899,1,
,09:50:44,9094,9079,9079,8899,1,
,09:50:45,9094,9078,9078,8900,1,
,09:50:45,9094,9078,9079,8914,14,
,09:50:46,9094,9078,9080,8915,1,
,09:50:46,9094,9078,9081,8923,8,
,09:50:47,9094,9078,9081,8930,7,
,09:50:48,9094,9078,9081,8930,7,
,09:50:48,9094,9078,9082,8934,4,
,09:50:49,9094,9078,9082,8934,4,
,09:50:49,9094,9078,9082,8942,8,
,09:50:50,9094,9078,9082,8942,8,
,09:50:51,9094,9078,9082,8942,8,
,09:50:51,9094,9078,9082,8943,1,
,09:50:52,9094,9078,9081,8946,3,
,09:50:53,9094,9078,9081,8946,3,
,09:50:53,9094,9078,9081,8947,1,
,09:50:54,9094,9078,9081,8947,1,
,09:50:55,9094,9078,9081,8947,1,
,09:50:55,9094,9078,9082,8948,1,
,09:50:57,9094,9078,9082,8950,2,
,09:50:57,9094,9078,9082,8951,1,
,09:50:58,9094,9078,9082,8951,1,
,09:50:58,9094,9078,9082,8953,2,
,09:50:59,9094,9078,9082,8953,2,
,09:51:00,9082,9082,9082,8953,2,
,09:51:01,9082,9082,9082,8953,2,
,09:51:01,9082,9081,9081,8959,6,
,09:51:02,9082,9081,9081,8959,6,
,09:51:02,9082,9078,9078,8979,20,
,09:51:03,9082,9078,9079,8981,2,
,09:51:03,9082,9078,9080,8985,4,
,09:51:04,9082,9078,9080,8985,4,
,09:51:04,9082,9078,9080,8989,4,
,09:51:05,9082,9078,9080,8989,4,
,09:51:06,9082,9078,9080,8990,1,
,09:51:07,9082,9078,9081,8992,2,
,09:51:07,9082,9078,9081,8996,4,
,09:51:08,9082,9078,9081,8997,1,
,09:51:09,9082,9078,9081,8997,1,
,09:51:10,9082,9078,9081,8997,1,
,09:51:11,9082,9078,9081,8997,1,
,09:51:12,9082,9078,9081,8997,1,
,09:51:13,9082,9078,9080,8998,1,
,09:51:14,9082,9078,9080,8998,1,
,09:51:15,9082,9078,9080,8999,1,
,09:51:16,9082,9078,9080,8999,1,
,09:51:16,9082,9078,9080,8999,1,
,09:51:18,9082,9078,9080,9000,1,
,09:51:18,9082,9078,9081,9011,11,
,09:51:19,9082,9078,9081,9011,11,
,09:51:19,9082,9078,9082,9019,8,
,09:51:20,9082,9078,9082,9020,1,
,09:51:20,9082,9078,9082,9020,1,
,09:51:21,9082,9078,9082,9020,1,
,09:51:21,9082,9078,9080,9024,4,
,09:51:22,9082,9078,9080,9025,1,
,09:51:23,9082,9078,9080,9025,1,
,09:51:23,9083,9078,9083,9033,8,
,09:51:24,9083,9078,9083,9033,8,
,09:51:24,9083,9078,9083,9035,2,
,09:51:25,9083,9078,9083,9039,4,
,09:51:27,9083,9078,9083,9042,3,
,09:51:27,9084,9078,9084,9061,19,
,09:51:29,9084,9078,9084,9061,19,
,09:51:29,9084,9078,9084,9061,19,
,09:51:31,9084,9078,9084,9061,19,
,09:51:31,9084,9078,9081,9065,4,
,09:51:32,9084,9078,9081,9069,4,
,09:51:33,9084,9078,9081,9069,4,
,09:51:33,9084,9078,9082,9076,7,
,09:51:34,9084,9078,9082,9076,7,
,09:51:34,9084,9078,9084,9081,5,
,09:51:35,9084,9078,9084,9081,5,
,09:51:35,9085,9078,9085,9092,11,
,09:51:36,9087,9078,9086,9108,16,
,09:51:37,9087,9078,9086,9108,16,
,09:51:37,9087,9078,9085,9111,3,
,09:51:38,9087,9078,9085,9111,3,
,09:51:39,9087,9078,9084,9113,2,
,09:51:39,9087,9078,9085,9115,2,
,09:51:40,9087,9078,9085,9115,2,
,09:51:40,9087,9078,9085,9117,2,
,09:51:41,9087,9078,9085,9117,2,
,09:51:42,9087,9078,9085,9117,2,
,09:51:42,9087,9078,9083,9121,4,
,09:51:44,9087,9078,9083,9121,4,
,09:51:44,9087,9078,9083,9121,4,
,09:51:45,9087,9078,9083,9121,4,
,09:51:46,9087,9078,9083,9121,4,
,09:51:47,9087,9078,9083,9121,4,
,09:51:47,9087,9078,9083,9122,1,
,09:51:48,9087,9078,9084,9123,1,
,09:51:48,9087,9078,9083,9125,2,
,09:51:49,9087,9078,9083,9125,2,
,09:51:49,9087,9078,9082,9128,3,
,09:51:51,9087,9078,9082,9135,7,
,09:51:53,9087,9078,9082,9137,2,
,09:51:54,9087,9078,9082,9137,2,
,09:51:54,9087,9078,9082,9138,1,
,09:51:55,9087,9078,9081,9143,5,
,09:51:56,9087,9078,9081,9143,5,
,09:51:56,9087,9078,9080,9148,5,
,09:51:57,9087,9078,9080,9148,5,
,09:51:57,9087,9078,9080,9148,5,
,09:51:58,9087,9078,9080,9148,5,
,09:51:59,9087,9078,9080,9148,5,
,09:51:59,9087,9078,9081,9149,1,
,09:52:00,9080,9080,9080,9167,18,
,09:52:00,9080,9080,9080,9171,4,
,09:52:01,9080,9080,9080,9171,4,
,09:52:02,9080,9080,9080,9172,1,
,09:52:03,9080,9080,9080,9172,1,
,09:52:03,9080,9079,9080,9179,7,
,09:52:04,9080,9079,9080,9179,7,
,09:52:06,9080,9079,9080,9179,7,
,09:52:07,9080,9079,9080,9179,7,
,09:52:07,9082,9079,9082,9198,19,
,09:52:09,9082,9079,9082,9200,2,
,09:52:09,9082,9079,9082,9202,2,
,09:52:10,9082,9079,9082,9203,1,
,09:52:10,9083,9079,9082,9209,6,
,09:52:11,9083,9079,9082,9209,6,
,09:52:12,9083,9079,9080,9216,7,
,09:52:13,9083,9079,9080,9216,7,
,09:52:13,9083,9079,9080,9216,7,
,09:52:14,9083,9079,9080,9216,7,
,09:52:15,9083,9079,9080,9216,7,
,09:52:16,9083,9079,9081,9217,1,
,09:52:17,9083,9079,9082,9218,1,
,09:52:17,9083,9079,9083,9222,4,
,09:52:18,9083,9079,9083,9222,4,
,09:52:19,9083,9079,9083,9222,4,
,09:52:20,9083,9079,9083,9222,4,
,09:52:21,9083,9079,9083,9222,4,
,09:52:21,9083,9079,9082,9227,5,
,09:52:22,9083,9079,9082,9227,5,
,09:52:22,9083,9079,9082,9227,5,
,09:52:23,9083,9079,9082,9227,5,
,09:52:24,9083,9079,9082,9227,5,
,09:52:25,9083,9079,9082,9236,9,
,09:52:26,9083,9079,9082,9236,9,
,09:52:26,9083,9079,9083,9239,3,
,09:52:27,9083,9079,9083,9239,3,
,09:52:28,9083,9079,9083,9239,3,
,09:52:29,9085,9079,9085,9250,11,
,09:52:30,9085,9079,9085,9251,1,
,09:52:30,9085,9079,9085,9253,2,
,09:52:31,9085,9079,9085,9253,2,
,09:52:31,9085,9079,9083,9262,9,
,09:52:32,9085,9079,9083,9262,9,
,09:52:33,9085,9079,9083,9263,1,
,09:52:34,9085,9079,9084,9264,1,
,09:52:34,9085,9079,9084,9264,1,
,09:52:36,9085,9079,9085,9265,1,
,09:52:36,9085,9079,9085,9266,1,
,09:52:37,9085,9079,9085,9268,2,
,09:52:38,9085,9079,9085,9268,2,
,09:52:38,9085,9079,9085,9270,2,
,09:52:39,9085,9079,9085,9270,2,
,09:52:39,9086,9079,9086,9273,3,
,09:52:40,9086,9079,9086,9273,3,
,09:52:40,9086,9079,9086,9279,6,
,09:52:41,9086,9079,9086,9279,6,
,09:52:41,9086,9079,9086,9279,6,
,09:52:42,9086,9079,9086,9281,2,
,09:52:43,9089,9079,9089,9307,26,
,09:52:44,9089,9079,9089,9307,26,
,09:52:44,9090,9079,9088,9321,14,
,09:52:45,9090,9079,9086,9334,13,
,09:52:46,9090,9079,9086,9334,13,
,09:52:47,9090,9079,9086,9335,1,
,09:52:48,9090,9079,9086,9335,1,
,09:52:48,9090,9079,9086,9337,2,
,09:52:49,9090,9079,9085,9344,7,
,09:52:50,9090,9079,9085,9344,7,
,09:52:50,9090,9079,9086,9349,5,
,09:52:51,9090,9079,9086,9349,5,
,09:52:51,9090,9079,9084,9355,6,
,09:52:52,9090,9079,9084,9356,1,
,09:52:52,9090,9079,9085,9357,1,
,09:52:53,9090,9079,9085,9357,1,
,09:52:54,9090,9079,9084,9358,1,
,09:52:55,9090,9079,9085,9359,1,
,09:52:56,9090,9079,9085,9359,1,
,09:52:57,9090,9079,9085,9359,1,
,09:52:58,9090,9079,9084,9360,1,
,09:52:58,9090,9079,9083,9369,9,
,09:52:59,9090,9079,9083,9369,9,
,09:53:00,9083,9083,9083,9369,9,
,09:53:00,9083,9083,9083,9369,9,
,09:53:01,9084,9083,9084,9371,2,
,09:53:03,9085,9083,9085,9373,2,
,09:53:04,9085,9083,9085,9373,2,
,09:53:05,9085,9083,9085,9373,2,
,09:53:05,9086,9083,9086,9374,1,
,09:53:06,9086,9083,9086,9374,1,
,09:53:08,9086,9083,9085,9378,4,
,09:53:08,9086,9083,9084,9381,3,
,09:53:09,9086,9083,9085,9389,8,
,09:53:10,9086,9083,9085,9389,8,
,09:53:11,9086,9083,9085,9389,8,
,09:53:12,9086,9083,9085,9390,1,
,09:53:13,9086,9083,9085,9390,1,
,09:53:13,9086,9083,9085,9400,10,
,09:53:14,9086,9083,9085,9400,10,
,09:53:15,9086,9083,9084,9404,4,
,09:53:15,9086,9083,9083,9405,1,
,09:53:16,9086,9083,9083,9410,5,
,09:53:17,9086,9082,9082,9418,8,
,09:53:18,9086,9082,9082,9420,2,
,09:53:20,9086,9082,9083,9421,1,
,09:53:20,9086,9082,9083,9427,6,
,09:53:21,9086,9082,9083,9427,6,
