,09:15:00,21316,21316,21316,255,255,
,09:15:00,21316,21301,21301,301,46,
,09:15:01,21316,21301,21302,329,28,
,09:15:02,21316,21301,21305,330,1,
,09:15:02,21316,21301,21301,340,10,
,09:15:03,21316,21301,21302,342,2,
,09:15:03,21316,21300,21300,361,19,
,09:15:04,21316,21300,21309,374,13,
,09:15:05,21316,21300,21304,393,19,
,09:15:06,21316,21300,21306,394,1,
,09:15:06,21316,21300,21303,401,7,
,09:15:07,21316,21300,21309,402,1,
,09:15:07,21316,21300,21305,404,2,
,09:15:08,21316,21300,21306,405,1,
,09:15:08,21316,21300,21307,409,4,
,09:15:09,21316,21300,21306,410,1,
,09:15:09,21316,21300,21310,417,7,
,09:15:10,21316,21300,21307,435,18,
,09:15:11,21316,21300,21306,436,1,
,09:15:11,21316,21300,21307,448,12,
,09:15:12,21316,21300,21311,449,1,
,09:15:12,21316,21300,21311,455,6,
,09:15:13,21316,21300,21311,478,23,
,09:15:14,21316,21300,21314,479,1,
,09:15:14,21316,21300,21309,503,24,
,09:15:15,21316,21300,21309,503,24,
,09:15:15,21316,21300,21311,508,5,
,09:15:16,21316,21300,21311,509,1,
,09:15:16,21316,21300,21314,516,7,
,09:15:17,21316,21300,21313,517,1,
,09:15:17,21319,21300,21319,536,19,
,09:15:18,21319,21300,21319,537,1,
,09:15:18,21320,21300,21320,546,9,
,09:15:19,21320,21300,21318,548,2,
,09:15:20,21323,21300,21322,562,14,
,09:15:21,21326,21300,21326,569,7,
,09:15:22,21327,21300,21327,570,1,
,09:15:22,21329,21300,21329,579,9,
,09:15:23,21329,21300,21327,588,9,
,09:15:24,21329,21300,21328,589,1,
,09:15:24,21330,21300,21327,603,14,
,09:15:25,21333,21300,21331,616,13,
,09:15:26,21333,21300,21328,635,19,
,09:15:27,21333,21300,21330,646,11,
,09:15:28,21333,21300,21328,647,1,
,09:15:28,21333,21300,21328,651,4,
,09:15:29,21333,21300,21328,661,10,
,09:15:30,21333,21300,21328,673,12,
,09:15:31,21333,21300,21333,674,1,
,09:15:31,21333,21300,21330,677,3,
,09:15:32,21333,21300,21329,679,2,
,09:15:32,21333,21300,21330,687,8,
,09:15:33,21337,21300,21337,714,27,
,09:15:34,21337,21300,21337,714,27,
,09:15:34,21337,21300,21332,720,6,
,09:15:35,21337,21300,21335,721,1,
,09:15:35,21337,21300,21331,722,1,
,09:15:36,21337,21300,21335,723,1,
,09:15:36,21337,21300,21332,724,1,
,09:15:37,21337,21300,21331,730,6,
,09:15:38,21337,21300,21331,730,6,
,09:15:38,21337,21300,21331,734,4,
,09:15:39,21337,21300,21333,735,1,
,09:15:39,21337,21300,21330,743,8,
,09:15:40,21337,21300,21330,743,8,
,09:15:40,21337,21300,21333,748,5,
,09:15:41,21337,21300,21335,761,13,
,09:15:42,21337,21300,21335,761,13,
,09:15:42,21338,21300,21334,767,6,
,09:15:43,21338,21300,21335,768,1,
,09:15:43,21338,21300,21337,773,5,
,09:15:44,21338,21300,21337,773,5,
,09:15:44,21338,21300,21334,783,10,
,09:15:45,21338,21300,21334,783,10,
,09:15:45,21338,21300,21335,784,1,
,09:15:46,21338,21300,21335,784,1,
,09:15:46,21338,21300,21337,791,7,
,09:15:47,21338,21300,21337,791,7,
,09:15:47,21338,21300,21336,793,2,
,09:15:48,21339,21300,21334,802,9,
,09:15:49,21339,21300,21334,802,9,
,09:15:49,21340,21300,21340,810,8,
,09:15:50,21340,21300,21340,810,8,
,09:15:50,21340,21300,21335,816,6,
,09:15:51,21340,21300,21335,816,6,
,09:15:51,21340,21300,21340,822,6,
,09:15:52,21340,21300,21336,827,5,
,09:15:53,21340,21300,21339,828,1,
,09:15:54,21340,21300,21339,828,1,
,09:15:54,21341,21300,21338,834,6,
,09:15:55,21341,21300,21338,834,6,
,09:15:55,21342,21300,21339,839,5,
,09:15:56,21342,21300,21340,840,1,
,09:15:56,21342,21300,21339,841,1,
,09:15:57,21342,21300,21339,841,1,
,09:15:57,21342,21300,21338,846,5,
,09:15:58,21342,21300,21338,846,5,
,09:15:58,21342,21300,21341,857,11,
,09:15:59,21342,21300,21341,857,11,
,09:15:59,21343,21300,21342,867,10,
,09:16:00,21343,21343,21343,871,4,
,09:16:00,21348,21342,21348,888,17,
,09:16:01,21348,21342,21348,888,17,
,09:16:01,21348,21342,21345,898,10,
,09:16:02,21348,21342,21345,898,10,
,09:16:02,21349,21342,21347,911,13,
,09:16:03,21349,21342,21347,911,13,
,09:16:03,21349,21342,21343,917,6,
,09:16:04,21349,21342,21343,917,6,
,09:16:04,21349,21342,21342,928,11,
,09:16:05,21349,21342,21342,929,1,
,09:16:05,21349,21338,21338,936,7,
,09:16:06,21349,21338,21338,937,1,
,09:16:06,21349,21332,21332,947,10,
,09:16:07,21349,21328,21332,964,17,
,09:16:08,21349,21328,21331,965,1,
,09:16:08,21349,21328,21333,975,10,
,09:16:09,21349,21328,21336,980,5,
,09:16:10,21349,21328,21335,986,6,
,09:16:11,21349,21328,21334,990,4,
,09:16:12,21349,21328,21332,991,1,
,09:16:12,21349,21328,21330,993,2,
,09:16:13,21349,21328,21335,1002,9,
,09:16:14,21349,21328,21335,1002,9,
,09:16:14,21349,21328,21335,1004,2,
,09:16:15,21349,21328,21337,1005,1,
,09:16:15,21349,21328,21335,1008,3,
,09:16:17,21349,21328,21335,1008,3,
,09:16:18,21349,21328,21342,1018,10,
,09:16:19,21349,21328,21346,1022,4,
,09:16:20,21349,21328,21346,1022,4,
,09:16:20,21349,21328,21344,1023,1,
,09:16:21,21349,21328,21344,1023,1,
,09:16:21,21349,21328,21342,1026,3,
,09:16:22,21349,21328,21342,1026,3,
,09:16:22,21349,21328,21343,1033,7,
,09:16:23,21349,21328,21343,1033,7,
,09:16:23,21349,21328,21344,1039,6,
,09:16:24,21349,21328,21346,1040,1,
,09:16:24,21349,21328,21344,1041,1,
,09:16:25,21349,21328,21345,1045,4,
,09:16:26,21349,21328,21345,1045,4,
,09:16:26,21349,21328,21342,1046,1,
,09:16:27,21349,21328,21339,1054,8,
,09:16:28,21349,21328,21338,1061,7,
,09:16:29,21349,21328,21338,1061,7,
,09:16:29,21349,21328,21340,1063,2,
,09:16:30,21349,21328,21342,1068,5,
,09:16:31,21349,21328,21345,1075,7,
,09:16:32,21349,21328,21345,1075,7,
,09:16:32,21349,21328,21341,1078,3,
,09:16:33,21349,21328,21342,1081,3,
,09:16:34,21349,21328,21337,1103,22,
,09:16:35,21349,21328,21334,1105,2,
,09:16:36,21349,21328,21336,1114,9,
,09:16:37,21349,21328,21339,1115,1,
,09:16:38,21349,21328,21339,1115,1,
,09:16:38,21349,21328,21339,1118,3,
,09:16:39,21349,21328,21340,1120,2,
,09:16:39,21349,21328,21339,1121,1,
,09:16:40,21349,21328,21339,1121,1,
,09:16:40,21349,21328,21338,1122,1,
,09:16:41,21349,21328,21338,1122,1,
,09:16:42,21349,21328,21342,1132,10,
,09:16:43,21349,21328,21340,1133,1,
,09:16:43,21349,21328,21341,1154,21,
,09:16:44,21349,21328,21341,1154,21,
,09:16:44,21349,21328,21341,1157,3,
,09:16:45,21349,21328,21340,1158,1,
,09:16:45,21349,21328,21343,1159,1,
,09:16:46,21349,21328,21340,1160,1,
,09:16:46,21349,21328,21341,1161,1,
,09:16:47,21349,21328,21341,1161,1,
,09:16:47,21349,21328,21339,1164,3,
,09:16:48,21349,21328,21339,1165,1,
,09:16:49,21349,21328,21339,1165,1,
,09:16:49,21349,21328,21342,1166,1,
,09:16:50,21349,21328,21342,1166,1,
,09:16:50,21349,21328,21340,1167,1,
,09:16:51,21349,21328,21342,1168,1,
,09:16:51,21349,21328,21343,1172,4,
,09:16:52,21349,21328,21342,1173,1,
,09:16:53,21349,21328,21343,1174,1,
,09:16:53,21349,21328,21345,1175,1,
,09:16:54,21349,21328,21344,1190,15,
,09:16:55,21349,21328,21346,1192,2,
,09:16:55,21349,21328,21344,1198,6,
,09:16:56,21349,21328,21344,1198,6,
,09:16:57,21349,21328,21346,1200,2,
,09:16:57,21349,21328,21347,1204,4,
,09:16:58,21349,21328,21347,1205,1,
,09:16:58,21349,21328,21344,1207,2,
,09:16:59,21349,21328,21345,1209,2,
,09:17:00,21345,21345,21345,1209,2,
,09:17:00,21345,21344,21344,1210,1,
,09:17:01,21345,21339,21340,1219,9,
,09:17:02,21345,21339,21339,1224,5,
,09:17:03,21345,21339,21341,1225,1,
,09:17:03,21345,21339,21341,1229,4,
,09:17:04,21345,21339,21341,1230,1,
,09:17:05,21345,21339,21341,1231,1,
,09:17:05,21345,21339,21343,1235,4,
,09:17:06,21345,21339,21341,1236,1,
,09:17:06,21345,21339,21340,1240,4,
,09:17:07,21345,21339,21340,1240,4,
,09:17:07,21345,21339,21340,1240,4,
,09:17:08,21345,21338,21339,1256,16,
,09:17:09,21345,21338,21339,1256,16,
,09:17:10,21345,21338,21339,1256,16,
,09:17:11,21345,21338,21339,1257,1,
,09:17:11,21345,21338,21338,1261,4,
,09:17:12,21345,21337,21337,1262,1,
,09:17:13,21345,21337,21337,1266,4,
,09:17:14,21345,21336,21336,1267,1,
,09:17:14,21345,21336,21339,1270,3,
,09:17:15,21345,21336,21336,1275,5,
,09:17:16,21345,21334,21337,1279,4,
,09:17:17,21345,21334,21337,1280,1,
,09:17:17,21345,21334,21334,1284,4,
,09:17:18,21345,21334,21336,1285,1,
,09:17:19,21345,21334,21339,1287,2,
,09:17:20,21345,21334,21339,1287,2,
,09:17:20,21345,21334,21341,1296,9,
,09:17:21,21345,21334,21341,1296,9,
,09:17:21,21345,21334,21341,1300,4,
,09:17:22,21345,21334,21341,1300,4,
,09:17:23,21345,21334,21342,1301,1,
,09:17:24,21345,21334,21342,1302,1,
,09:17:24,21345,21334,21344,1306,4,
,09:17:25,21345,21334,21345,1309,3,
,09:17:26,21345,21334,21345,1310,1,
,09:17:26,21346,21334,21343,1319,9,
,09:17:27,21346,21334,21343,1320,1,
,09:17:27,21346,21334,21345,1328,8,
,09:17:28,21346,21334,21343,1330,2,
,09:17:28,21346,21334,21342,1335,5,
,09:17:29,21346,21334,21344,1336,1,
,09:17:29,21346,21334,21344,1336,1,
,09:17:30,21346,21334,21342,1339,3,
,09:17:31,21346,21334,21342,1339,3,
,09:17:31,21346,21334,21340,1340,1,
,09:17:32,21346,21334,21340,1340,1,
,09:17:33,21346,21334,21340,1340,1,
,09:17:33,21346,21334,21338,1343,3,
,09:17:34,21346,21334,21338,1343,3,
,09:17:34,21346,21334,21338,1344,1,
,09:17:35,21346,21334,21338,1344,1,
,09:17:35,21346,21334,21340,1352,8,
,09:17:36,21346,21334,21340,1352,8,
,09:17:36,21346,21334,21342,1358,6,
,09:17:38,21346,21334,21342,1358,6,
,09:17:38,21347,21334,21347,1372,14,
,09:17:39,21353,21334,21351,1404,32,
,09:17:40,21353,21334,21351,1404,32,
,09:17:40,21353,21334,21343,1413,9,
,09:17:41,21353,21334,21343,1413,9,
,09:17:41,21353,21334,21339,1419,6,
,09:17:42,21353,21334,21337,1423,4,
,09:17:43,21353,21334,21337,1423,4,
,09:17:43,21353,21334,21341,1425,2,
,09:17:44,21353,21334,21341,1425,2,
,09:17:44,21353,21334,21343,1427,2,
,09:17:45,21353,21334,21343,1427,2,
,09:17:46,21353,21334,21343,1429,2,
,09:17:46,21353,21334,21344,1433,4,
,09:17:47,21353,21334,21347,1435,2,
,09:17:47,21353,21334,21349,1438,3,
,09:17:48,21353,21334,21349,1438,3,
,09:17:48,21353,21334,21349,1442,4,
,09:17:49,21353,21334,21349,1442,4,
,09:17:49,21353,21334,21349,1444,2,
,09:17:50,21353,21334,21347,1446,2,
,09:17:51,21353,21334,21347,1446,2,
,09:17:51,21353,21334,21341,1457,11,
,09:17:52,21353,21334,21341,1457,11,
,09:17:52,21353,21334,21340,1461,4,
,09:17:53,21353,21334,21340,1461,4,
,09:17:54,21353,21334,21340,1461,4,
,09:17:54,21353,21334,21338,1468,7,
,09:17:55,21353,21334,21338,1469,1,
,09:17:55,21353,21334,21340,1483,14,
,09:17:56,21353,21334,21340,1483,14,
,09:17:56,21353,21334,21347,1487,4,
,09:17:57,21353,21334,21345,1488,1,
,09:17:57,21353,21334,21345,1493,5,
,09:17:58,21353,21334,21345,1493,5,
,09:17:58,21353,21334,21342,1494,1,
,09:17:59,21353,21334,21343,1503,9,
,09:18:00,21343,21343,21343,1503,9,
,09:18:00,21346,21343,21345,1506,3,
,09:18:01,21346,21343,21344,1507,1,
,09:18:01,21346,21343,21346,1508,1,
,09:18:02,21346,21343,21344,1509,1,
,09:18:02,21346,21342,21342,1511,2,
,09:18:03,21346,21342,21342,1511,2,
,09:18:03,21346,21339,21341,1518,7,
,09:18:04,21346,21339,21340,1525,7,
,09:18:05,21346,21336,21336,1528,3,
,09:18:06,21346,21335,21335,1529,1,
,09:18:06,21346,21333,21336,1547,18,
,09:18:07,21346,21333,21334,1551,4,
,09:18:08,21346,21332,21332,1560,9,
,09:18:09,21346,21332,21332,1560,9,
,09:18:09,21346,21331,21331,1566,6,
,09:18:10,21346,21331,21331,1566,6,
,09:18:10,21346,21331,21333,1575,9,
,09:18:11,21346,21331,21333,1577,2,
,09:18:11,21346,21331,21336,1580,3,
,09:18:12,21346,21331,21335,1581,1,
,09:18:12,21346,21331,21335,1586,5,
,09:18:13,21346,21331,21335,1586,5,
,09:18:13,21346,21331,21331,1595,9,
,09:18:14,21346,21331,21333,1596,1,
,09:18:14,21346,21331,21333,1597,1,
,09:18:15,21346,21331,21334,1599,2,
,09:18:16,21346,21331,21336,1603,4,
,09:18:17,21346,21331,21338,1605,2,
,09:18:17,21346,21331,21339,1612,7,
,09:18:18,21346,21331,21342,1619,7,
,09:18:19,21346,21331,21342,1621,2,
,09:18:20,21346,21331,21340,1622,1,
,09:18:20,21346,21331,21339,1625,3,
,09:18:21,21346,21331,21339,1625,3,
,09:18:21,21346,21331,21338,1627,2,
,09:18:22,21346,21331,21339,1629,2,
,09:18:23,21346,21331,21340,1630,1,
,09:18:23,21346,21331,21336,1634,4,
,09:18:24,21346,21331,21336,1634,4,
,09:18:25,21346,21331,21336,1634,4,
,09:18:25,21346,21331,21339,1635,1,
,09:18:26,21346,21331,21339,1635,1,
,09:18:26,21346,21331,21337,1636,1,
,09:18:27,21346,21331,21337,1636,1,
,09:18:27,21346,21331,21335,1639,3,
,09:18:28,21346,21331,21333,1643,4,
,09:18:29,21346,21331,21333,1644,1,
,09:18:29,21346,21331,21333,1649,5,
,09:18:30,21346,21331,21331,1650,1,
,09:18:31,21346,21331,21331,1651,1,
,09:18:31,21346,21331,21331,1654,3,
,09:18:32,21346,21331,21332,1655,1,
,09:18:33,21346,21331,21332,1655,1,
,09:18:33,21346,21331,21333,1656,1,
,09:18:34,21346,21331,21333,1656,1,
,09:18:34,21346,21331,21335,1659,3,
,09:18:35,21346,21331,21336,1667,8,
,09:18:36,21346,21331,21337,1668,1,
,09:18:36,21346,21331,21335,1669,1,
,09:18:37,21346,21331,21337,1670,1,
,09:18:37,21346,21331,21337,1670,1,
,09:18:40,21346,21331,21337,1671,1,
,09:18:41,21346,21331,21335,1672,1,
,09:18:41,21346,21331,21335,1675,3,
,09:18:42,21346,21331,21336,1676,1,
,09:18:42,21346,21331,21335,1680,4,
,09:18:43,21346,21331,21335,1680,4,
,09:18:45,21346,21331,21335,1681,1,
,09:18:45,21346,21331,21336,1688,7,
,09:18:46,21346,21331,21336,1688,7,
,09:18:46,21346,21331,21334,1697,9,
,09:18:47,21346,21331,21333,1703,6,
,09:18:48,21346,21331,21333,1703,6,
,09:18:49,21346,21331,21331,1704,1,
,09:18:49,21346,21331,21332,1708,4,
,09:18:50,21346,21331,21332,1708,4,
,09:18:50,21346,21331,21331,1712,4,
,09:18:51,21346,21327,21331,1778,66,
,09:18:52,21346,21327,21329,1779,1,
,09:18:52,21346,21327,21328,1785,6,
,09:18:53,21346,21327,21328,1786,1,
,09:18:53,21346,21327,21327,1790,4,
,09:18:54,21346,21327,21327,1790,4,
,09:18:55,21346,21327,21329,1804,14,
,09:18:56,21346,21327,21329,1804,14,
,09:18:56,21346,21327,21329,1805,1,
,09:18:57,21346,21327,21329,1807,2,
,09:18:57,21346,21327,21329,1809,2,
,09:18:58,21346,21327,21331,1810,1,
,09:18:58,21346,21327,21329,1816,6,
,09:18:59,21346,21327,21329,1816,6,
,09:19:00,21330,21330,21330,1817,1,
,09:19:00,21330,21329,21329,1818,1,
,09:19:01,21330,21329,21329,1821,3,
,09:19:01,21330,21326,21328,1825,4,
,09:19:02,21330,21326,21328,1825,4,
,09:19:02,21330,21326,21328,1827,2,
,09:19:03,21330,21325,21329,1838,11,
,09:19:04,21330,21325,21326,1839,1,
,09:19:04,21330,21325,21327,1843,4,
,09:19:05,21330,21325,21329,1844,1,
,09:19:05,21332,21325,21332,1857,13,
,09:19:06,21334,21325,21334,1858,1,
,09:19:06,21339,21325,21339,1865,7,
,09:19:07,21339,21325,21339,1866,1,
,09:19:07,21339,21325,21339,1879,13,
,09:19:08,21339,21325,21337,1883,4,
,09:19:08,21339,21325,21330,1886,3,
,09:19:09,21339,21325,21327,1895,9,
,09:19:10,21339,21325,21328,1897,2,
,09:19:11,21339,21325,21330,1902,5,
,09:19:12,21339,21325,21330,1902,5,
,09:19:13,21339,21325,21332,1903,1,
,09:19:14,21339,21325,21332,1903,1,
,09:19:14,21339,21325,21334,1904,1,
,09:19:15,21339,21325,21334,1906,2,
,09:19:16,21339,21325,21334,1908,2,
,09:19:18,21339,21325,21334,1909,1,
,09:19:18,21339,21325,21334,1910,1,
,09:19:19,21339,21325,21336,1911,1,
,09:19:20,21339,21325,21336,1911,1,
,09:19:20,21339,21325,21336,1911,1,
,09:19:21,21339,21325,21334,1913,2,
,09:19:21,21339,21325,21336,1915,2,
,09:19:22,21339,21325,21336,1915,2,
,09:19:22,21339,21325,21336,1916,1,
,09:19:22,21339,21325,21333,1918,2,
,09:19:23,21339,21325,21333,1918,2,
,09:19:23,21339,21325,21335,1919,1,
,09:19:24,21339,21325,21335,1919,1,
,09:19:24,21339,21325,21332,1930,11,
,09:19:26,21339,21325,21333,1932,2,
,09:19:27,21339,21325,21333,1932,2,
,09:19:27,21339,21325,21330,1936,4,
,09:19:28,21339,21325,21331,1937,1,
,09:19:28,21339,21325,21328,1942,5,
,09:19:29,21339,21325,21328,1942,5,
,09:19:29,21339,21325,21328,1943,1,
,09:19:30,21339,21325,21333,1968,25,
,09:19:31,21339,21325,21336,1977,9,
,09:19:32,21339,21325,21336,1977,9,
,09:19:32,21339,21325,21336,1977,9,
,09:19:33,21339,21325,21334,1979,2,
,09:19:34,21339,21325,21334,1979,2,
,09:19:35,21339,21325,21333,1981,2,
,09:19:36,21339,21325,21333,1981,2,
,09:19:37,21339,21325,21332,1989,8,
,09:19:38,21339,21325,21332,1989,8,
,09:19:38,21339,21325,21332,1990,1,
,09:19:39,21339,21325,21332,1990,1,
,09:19:39,21339,21325,21331,1992,2,
,09:19:40,21339,21325,21331,1992,2,
,09:19:41,21339,21325,21331,1993,1,
,09:19:41,21339,21325,21331,1993,1,
,09:19:43,21339,21325,21331,1993,1,
,09:19:43,21339,21325,21338,2007,14,
,09:19:44,21339,21325,21338,2007,14,
,09:19:45,21339,21325,21338,2008,1,
,09:19:46,21339,21325,21339,2011,3,
,09:19:47,21339,21325,21339,2011,3,
,09:19:48,21339,21325,21339,2021,10,
,09:19:49,21339,21325,21338,2022,1,
,09:19:49,21339,21325,21338,2022,1,
,09:19:50,21339,21325,21338,2022,1,
,09:19:50,21339,21325,21337,2023,1,
,09:19:51,21339,21325,21337,2023,1,
,09:19:51,21339,21325,21337,2023,1,
,09:19:52,21339,21325,21335,2032,9,
,09:19:53,21339,21325,21336,2034,2,
,09:19:54,21339,21325,21336,2034,2,
,09:19:54,21339,21325,21336,2034,2,
,09:19:55,21339,21325,21336,2034,2,
,09:19:56,21339,21325,21336,2034,2,
,09:19:56,21339,21325,21335,2037,3,
,09:19:57,21339,21325,21335,2037,3,
,09:19:57,21339,21325,21335,2039,2,
,09:19:58,21339,21325,21336,2041,2,
,09:19:58,21339,21325,21337,2042,1,
,09:19:59,21339,21325,21337,2042,1,
,09:19:59,21339,21325,21337,2044,2,
,09:20:00,21335,21335,21335,2046,2,
,09:20:00,21337,21334,21337,2055,9,
,09:20:01,21337,21334,21337,2056,1,
,09:20:01,21337,21334,21336,2058,2,
,09:20:02,21337,21334,21335,2060,2,
,09:20:02,21338,21334,21338,2067,7,
,09:20:03,21338,21334,21338,2067,7,
,09:20:03,21338,21334,21338,2069,2,
,09:20:04,21338,21334,21338,2069,2,
,09:20:04,21338,21334,21335,2072,3,
,09:20:05,21338,21334,21335,2072,3,
,09:20:05,21338,21332,21332,2077,5,
,09:20:06,21338,21332,21332,2077,5,
,09:20:06,21338,21332,21335,2081,4,
,09:20:07,21338,21332,21335,2081,4,
,09:20:07,21338,21331,21334,2090,9,
,09:20:08,21338,21331,21332,2092,2,
,09:20:09,21338,21331,21332,2092,2,
,09:20:09,21338,21330,21330,2095,3,
,09:20:10,21338,21330,21330,2095,3,
,09:20:10,21338,21328,21330,2099,4,
,09:20:11,21338,21328,21330,2099,4,
,09:20:12,21338,21328,21330,2099,4,
,09:20:13,21338,21328,21329,2101,2,
,09:20:15,21338,21328,21333,2105,4,
,09:20:16,21338,21328,21335,2108,3,
,09:20:17,21338,21328,21336,2109,1,
,09:20:17,21338,21328,21333,2113,4,
,09:20:19,21338,21328,21333,2113,4,
,09:20:19,21338,21328,21335,2114,1,
,09:20:20,21338,21328,21335,2114,1,
,09:20:20,21338,21328,21331,2116,2,
,09:20:21,21338,21328,21331,2116,2,
,09:20:21,21338,21328,21330,2118,2,
,09:20:22,21338,21328,21330,2118,2,
,09:20:22,21338,21328,21329,2119,1,
,09:20:23,21338,21328,21328,2120,1,
,09:20:24,21338,21328,21328,2120,1,
,09:20:25,21338,21328,21328,2120,1,
,09:20:26,21338,21328,21330,2123,3,
,09:20:27,21338,21328,21330,2123,3,
,09:20:27,21338,21328,21333,2124,1,
,09:20:28,21338,21328,21334,2125,1,
,09:20:28,21338,21328,21332,2128,3,
,09:20:30,21338,21328,21331,2129,1,
,09:20:31,21338,21328,21331,2129,1,
,09:20:31,21338,21328,21331,2129,1,
,09:20:32,21338,21328,21331,2129,1,
,09:20:33,21338,21328,21331,2129,1,
,09:20:34,21338,21328,21331,2134,5,
,09:20:35,21338,21328,21331,2134,5,
,09:20:35,21338,21328,21331,2134,5,
,09:20:37,21338,21328,21334,2151,17,
,09:20:38,21338,21328,21333,2152,1,
,09:20:39,21338,21328,21335,2153,1,
,09:20:39,21338,21328,21335,2155,2,
,09:20:40,21338,21328,21336,2156,1,
,09:20:41,21338,21328,21334,2157,1,
,09:20:41,21338,21328,21334,2159,2,
,09:20:42,21338,21328,21336,2160,1,
,09:20:43,21338,21328,21336,2160,1,
,09:20:43,21338,21328,21334,2161,1,
,09:20:44,21338,21328,21336,2162,1,
,09:20:45,21338,21328,21337,2163,1,
,09:20:45,21338,21328,21335,2166,3,
,09:20:47,21338,21328,21335,2166,3,
,09:20:48,21338,21328,21335,2166,3,
,09:20:49,21338,21328,21335,2166,3,
,09:20:50,21338,21328,21330,2170,4,
,09:20:54,21338,21328,21329,2172,2,
,09:20:54,21338,21328,21330,2173,1,
,09:20:55,21338,21328,21330,2173,1,
,09:20:55,21338,21327,21327,2176,3,
,09:20:56,21338,21326,21328,2183,7,
,09:20:57,21338,21326,21328,2183,7,
,09:20:58,21338,21326,21329,2184,1,
,09:20:58,21338,21326,21329,2186,2,
,09:20:59,21338,21326,21329,2186,2,
,09:20:59,21338,21326,21327,2187,1,
,09:21:00,21328,21328,21328,2188,1,
,09:21:00,21329,21327,21329,2191,3,
,09:21:01,21329,21327,21329,2191,3,
,09:21:02,21329,21327,21328,2193,2,
,09:21:02,21329,21327,21327,2197,4,
,09:21:03,21329,21327,21329,2198,1,
,09:21:03,21330,21327,21328,2200,2,
,09:21:04,21330,21327,21328,2201,1,
,09:21:05,21330,21327,21328,2202,1,
,09:21:06,21330,21327,21328,2203,1,
,09:21:06,21330,21327,21328,2205,2,
,09:21:07,21330,21327,21327,2206,1,
,09:21:07,21330,21327,21330,2209,3,
,09:21:08,21330,21327,21330,2210,1,
,09:21:08,21330,21327,21329,2212,2,
,09:21:09,21332,21327,21332,2214,2,
,09:21:10,21332,21327,21332,2215,1,
,09:21:10,21333,21327,21332,2217,2,
,09:21:11,21334,21327,21334,2218,1,
,09:21:11,21334,21327,21334,2218,1,
,09:21:13,21334,21327,21333,2219,1,
,09:21:14,21334,21327,21331,2220,1,
,09:21:14,21334,21327,21331,2221,1,
,09:21:15,21334,21327,21330,2223,2,
,09:21:15,21334,21327,21333,2228,5,
,09:21:16,21334,21327,21333,2228,5,
,09:21:17,21334,21327,21333,2228,5,
,09:21:17,21334,21327,21331,2231,3,
,09:21:18,21334,21327,21331,2231,3,
,09:21:18,21334,21327,21332,2233,2,
,09:21:20,21334,21327,21332,2233,2,
,09:21:23,21334,21327,21332,2233,2,
,09:21:24,21334,21327,21330,2234,1,
,09:21:25,21334,21327,21328,2239,5,
,09:21:26,21334,21327,21331,2252,13,
,09:21:27,21334,21327,21331,2252,13,
,09:21:27,21334,21327,21332,2254,2,
,09:21:28,21334,21327,21332,2254,2,
,09:21:28,21334,21327,21328,2255,1,
,09:21:29,21334,21327,21328,2255,1,
,09:21:30,21334,21327,21330,2259,4,
,09:21:31,21334,21327,21330,2260,1,
,09:21:32,21334,21327,21330,2260,1,
,09:21:32,21334,21327,21330,2261,1,
,09:21:33,21334,21327,21330,2262,1,
,09:21:34,21334,21327,21327,2263,1,
,09:21:35,21334,21327,21327,2263,1,
,09:21:36,21334,21327,21327,2263,1,
,09:21:36,21334,21327,21328,2265,2,
,09:21:37,21334,21327,21330,2266,1,
,09:21:39,21334,21327,21328,2267,1,
,09:21:40,21334,21327,21328,2268,1,
,09:21:40,21334,21327,21327,2269,1,
,09:21:41,21334,21327,21330,2270,1,
,09:21:41,21334,21327,21330,2273,3,
,09:21:42,21334,21327,21328,2274,1,
,09:21:42,21334,21327,21328,2274,1,
,09:21:43,21334,21327,21328,2274,1,
,09:21:44,21334,21327,21331,2279,5,
,09:21:45,21334,21327,21331,2279,5,
,09:21:45,21334,21327,21331,2282,3,
,09:21:46,21334,21327,21332,2288,6,
,09:21:47,21334,21327,21331,2289,1,
,09:21:48,21334,21327,21333,2293,4,
,09:21:49,21334,21327,21333,2293,4,
,09:21:52,21334,21327,21334,2294,1,
,09:21:53,21334,21327,21334,2294,1,
,09:21:54,21334,21327,21332,2296,2,
,09:21:55,21334,21327,21332,2296,2,
,09:21:55,21334,21327,21332,2296,2,
,09:21:56,21334,21327,21331,2297,1,
,09:21:57,21334,21327,21331,2297,1,
,09:21:58,21334,21327,21331,2297,1,
,09:21:58,21334,21327,21331,2297,1,
,09:22:00,21330,21330,21330,2298,1,
,09:22:01,21332,21330,21332,2299,1,
,09:22:01,21332,21330,21332,2301,2,
,09:22:02,21332,21330,21331,2303,2,
,09:22:02,21332,21330,21331,2305,2,
,09:22:03,21334,21330,21334,2310,5,
,09:22:04,21334,21330,21334,2310,5,
,09:22:04,21334,21330,21334,2310,5,
,09:22:05,21334,21330,21333,2311,1,
,09:22:06,21336,21330,21336,2342,31,
,09:22:07,21336,21330,21336,2342,31,
,09:22:07,21338,21330,21338,2346,4,
,09:22:08,21338,21330,21338,2346,4,
,09:22:08,21338,21330,21337,2349,3,
,09:22:09,21338,21330,21337,2349,3,
,09:22:09,21338,21330,21335,2352,3,
,09:22:10,21338,21330,21335,2352,3,
,09:22:11,21338,21330,21338,2353,1,
,09:22:12,21338,21330,21338,2354,1,
,09:22:12,21338,21330,21335,2355,1,
,09:22:13,21338,21330,21338,2356,1,
,09:22:13,21338,21330,21336,2365,9,
,09:22:14,21338,21330,21336,2365,9,
,09:22:14,21338,21330,21335,2368,3,
,09:22:15,21338,21330,21335,2368,3,
,09:22:15,21338,21330,21335,2368,3,
,09:22:16,21338,21330,21333,2370,2,
,09:22:17,21338,21330,21336,2374,4,
,09:22:18,21338,21330,21336,2376,2,
,09:22:19,21338,21330,21336,2376,2,
,09:22:20,21338,21330,21335,2377,1,
,09:22:21,21338,21330,21333,2378,1,
,09:22:22,21338,21330,21333,2379,1,
,09:22:22,21338,21330,21333,2379,1,
,09:22:24,21338,21330,21333,2379,1,
,09:22:25,21338,21330,21333,2380,1,
,09:22:26,21338,21330,21333,2380,1,
,09:22:28,21338,21330,21333,2381,1,
,09:22:29,21338,21330,21333,2381,1,
,09:22:29,21338,21330,21335,2382,1,
,09:22:30,21338,21330,21335,2382,1,
,09:22:30,21338,21330,21336,2383,1,
,09:22:31,21338,21330,21335,2384,1,
,09:22:32,21338,21330,21336,2385,1,
,09:22:32,21338,21330,21333,2395,10,
,09:22:33,21338,21330,21333,2395,10,
,09:22:34,21338,21330,21334,2396,1,
,09:22:34,21338,21330,21335,2397,1,
,09:22:35,21338,21330,21335,2397,1,
,09:22:35,21338,21330,21335,2403,6,
,09:22:36,21338,21330,21334,2404,1,
,09:22:36,21338,21330,21334,2405,1,
,09:22:40,21338,21330,21334,2405,1,
,09:22:42,21338,21330,21334,2405,1,
,09:22:42,21338,21330,21333,2406,1,
,09:22:43,21338,21330,21334,2408,2,
,09:22:43,21338,21330,21333,2409,1,
,09:22:47,21338,21330,21332,2413,4,
,09:22:48,21338,21330,21333,2414,1,
,09:22:50,21338,21330,21331,2415,1,
,09:22:50,21338,21330,21331,2418,3,
,09:22:51,21338,21330,21331,2418,3,
,09:22:51,21338,21330,21333,2422,4,
,09:22:52,21338,21330,21333,2422,4,
,09:22:53,21338,21330,21333,2422,4,
,09:22:54,21338,21330,21333,2423,1,
,09:22:54,21338,21330,21333,2423,1,
,09:22:57,21338,21330,21333,2424,1,
,09:22:57,21338,21330,21333,2425,1,
,09:22:58,21338,21330,21333,2425,1,
,09:23:00,21333,21333,21333,2425,1,
,09:23:01,21333,21331,21333,2429,4,
,09:23:02,21333,21331,21333,2431,2,
,09:23:03,21333,21331,21333,2431,2,
,09:23:04,21333,21331,21333,2431,2,
,09:23:05,21333,21331,21333,2431,2,
,09:23:05,21333,21331,21333,2432,1,
,09:23:06,21333,21331,21333,2432,1,
,09:23:07,21333,21331,21332,2434,2,
,09:23:08,21333,21331,21332,2434,2,
,09:23:09,21333,21331,21332,2435,1,
,09:23:09,21333,21331,21332,2435,1,
,09:23:11,21333,21331,21333,2439,4,
,09:23:11,21334,21331,21334,2441,2,
,09:23:12,21334,21331,21334,2441,2,
,09:23:12,21334,21331,21334,2441,2,
,09:23:14,21334,21331,21334,2441,2,
,09:23:15,21334,21331,21334,2441,2,
,09:23:15,21335,21331,21335,2444,3,
,09:23:16,21335,21331,21335,2444,3,
,09:23:17,21335,21331,21332,2451,7,
,09:23:18,21335,21331,21332,2451,7,
,09:23:18,21335,21331,21333,2452,1,
,09:23:19,21335,21331,21331,2453,1,
,09:23:20,21335,21331,21331,2453,1,
,09:23:20,21335,21331,21331,2453,1,
,09:23:22,21335,21330,21330,2454,1,
,09:23:23,21335,21330,21330,2454,1,
,09:23:23,21335,21328,21329,2464,10,
,09:23:24,21335,21328,21328,2465,1,
,09:23:24,21335,21325,21327,2489,24,
,09:23:25,21335,21325,21326,2494,5,
,09:23:26,21335,21325,21326,2494,5,
,09:23:26,21335,21325,21330,2500,6,
,09:23:27,21335,21325,21333,2503,3,
,09:23:28,21335,21325,21333,2507,4,
,09:23:29,21335,21325,21333,2507,4,
,09:23:30,21335,21325,21333,2507,4,
,09:23:31,21335,21325,21333,2507,4,
,09:23:31,21335,21325,21335,2509,2,
,09:23:32,21335,21325,21334,2510,1,
,09:23:33,21336,21325,21336,2513,3,
,09:23:34,21336,21325,21334,2514,1,
,09:23:34,21336,21325,21333,2517,3,
,09:23:35,21336,21325,21333,2517,3,
,09:23:35,21336,21325,21333,2518,1,
,09:23:36,21336,21325,21333,2518,1,
,09:23:36,21336,21325,21332,2519,1,
,09:23:37,21336,21325,21333,2520,1,
,09:23:37,21336,21325,21332,2521,1,
,09:23:38,21336,21325,21332,2521,1,
,09:23:39,21336,21325,21332,2524,3,
,09:23:40,21336,21325,21332,2524,3,
,09:23:40,21336,21325,21332,2524,3,
,09:23:41,21336,21325,21332,2524,3,
,09:23:42,21336,21325,21329,2526,2,
,09:23:42,21336,21325,21328,2527,1,
,09:23:43,21336,21325,21328,2527,1,
,09:23:43,21336,21325,21327,2528,1,
,09:23:44,21336,21325,21329,2529,1,
,09:23:44,21336,21325,21327,2530,1,
,09:23:46,21336,21325,21327,2530,1,
,09:23:46,21336,21325,21329,2545,15,
,09:23:47,21336,21325,21329,2545,15,
,09:23:47,21336,21325,21330,2549,4,
,09:23:48,21336,21325,21330,2555,6,
,09:23:53,21336,21325,21330,2556,1,
,09:23:53,21336,21325,21330,2556,1,
,09:23:55,21336,21325,21330,2557,1,
,09:23:56,21336,21325,21330,2557,1,
,09:23:57,21336,21325,21330,2557,1,
,09:23:58,21336,21325,21330,2557,1,
,09:23:59,21336,21325,21329,2558,1,
,09:23:59,21336,21325,21327,2561,3,
,09:24:00,21327,21327,21327,2561,3,
,09:24:00,21327,21327,21327,2562,1,
,09:24:01,21329,21327,21329,2563,1,
,09:24:01,21329,21327,21329,2565,2,
,09:24:02,21330,21327,21330,2566,1,
,09:24:03,21330,21327,21329,2570,4,
,09:24:04,21330,21327,21329,2570,4,
,09:24:04,21330,21327,21329,2573,3,
,09:24:09,21330,21327,21329,2574,1,
,09:24:09,21330,21327,21329,2575,1,
,09:24:10,21330,21327,21330,2580,5,
,09:24:10,21330,21327,21330,2580,5,
,09:24:12,21331,21327,21331,2582,2,
,09:24:13,21331,21327,21331,2582,2,
,09:24:13,21331,21327,21328,2586,4,
,09:24:14,21331,21327,21328,2586,4,
,09:24:14,21331,21327,21328,2586,4,
,09:24:16,21331,21327,21328,2586,4,
,09:24:16,21331,21327,21328,2588,2,
,09:24:17,21331,21327,21328,2589,1,
,09:24:19,21331,21327,21329,2594,5,
,09:24:20,21331,21327,21331,2595,1,
,09:24:21,21331,21327,21331,2595,1,
,09:24:23,21331,21327,21331,2595,1,
,09:24:23,21331,21327,21331,2596,1,
,09:24:24,21332,21327,21332,2597,1,
,09:24:25,21332,21327,21332,2597,1,
,09:24:25,21332,21327,21330,2598,1,
,09:24:26,21332,21327,21330,2599,1,
,09:24:27,21332,21327,21330,2599,1,
,09:24:27,21332,21327,21332,2601,2,
,09:24:30,21332,21327,21329,2604,3,
,09:24:32,21332,21327,21329,2604,3,
,09:24:33,21332,21327,21329,2604,3,
,09:24:34,21332,21327,21329,2604,3,
,09:24:34,21332,21327,21327,2605,1,
,09:24:35,21332,21327,21327,2605,1,
,09:24:35,21332,21326,21326,2606,1,
,09:24:36,21332,21326,21327,2607,1,
,09:24:37,21332,21326,21327,2609,2,
,09:24:38,21332,21326,21329,2614,5,
,09:24:39,21332,21326,21326,2616,2,
,09:24:39,21332,21326,21326,2617,1,
,09:24:40,21332,21326,21326,2617,1,
,09:24:40,21332,21326,21326,2625,8,
,09:24:41,21332,21326,21327,2633,8,
,09:24:42,21332,21326,21327,2633,8,
,09:24:42,21332,21326,21327,2635,2,
,09:24:43,21332,21326,21326,2641,6,
,09:24:44,21332,21326,21326,2641,6,
,09:24:45,21332,21326,21326,2642,1,
,09:24:46,21332,21326,21326,2642,1,
,09:24:46,21332,21326,21326,2644,2,
,09:24:47,21332,21326,21326,2644,2,
,09:24:47,21332,21326,21328,2645,1,
,09:24:48,21332,21325,21325,2646,1,
,09:24:48,21332,21322,21322,2673,27,
,09:24:49,21332,21321,21321,2674,1,
,09:24:49,21332,21321,21324,2687,13,
,09:24:50,21332,21321,21322,2695,8,
,09:24:51,21332,21321,21325,2696,1,
,09:24:51,21332,21321,21325,2698,2,
,09:24:52,21332,21321,21325,2698,2,
,09:24:52,21332,21321,21325,2705,7,
,09:24:53,21332,21321,21325,2705,7,
,09:24:53,21332,21321,21326,2709,4,
,09:24:54,21332,21321,21326,2710,1,
,09:24:54,21332,21321,21328,2712,2,
,09:24:55,21332,21321,21330,2719,7,
,09:24:56,21332,21321,21330,2719,7,
,09:24:57,21332,21321,21331,2720,1,
,09:24:57,21332,21321,21331,2721,1,
,09:24:58,21332,21321,21331,2721,1,
,09:24:58,21332,21321,21331,2723,2,
,09:24:59,21332,21321,21330,2724,1,
,09:25:00,21329,21329,21329,2725,1,
,09:25:00,21330,21329,21330,2727,2,
,09:25:01,21331,21329,21331,2728,1,
,09:25:01,21332,21329,21332,2733,5,
,09:25:02,21332,21329,21332,2734,1,
,09:25:02,21333,21329,21330,2736,2,
,09:25:03,21333,21329,21330,2738,2,
,09:25:03,21333,21329,21332,2745,7,
,09:25:04,21333,21329,21330,2746,1,
,09:25:04,21333,21328,21329,2758,12,
,09:25:05,21333,21327,21327,2759,1,
,09:25:05,21333,21327,21328,2760,1,
,09:25:06,21333,21327,21328,2761,1,
,09:25:06,21333,21327,21329,2771,10,
,09:25:07,21333,21327,21329,2771,10,
,09:25:07,21333,21327,21330,2772,1,
,09:25:08,21333,21327,21330,2772,1,
,09:25:08,21333,21327,21327,2776,4,
,09:25:09,21333,21327,21329,2789,13,
,09:25:10,21333,21327,21329,2789,13,
,09:25:10,21333,21327,21331,2791,2,
,09:25:11,21333,21327,21329,2793,2,
,09:25:11,21333,21327,21329,2793,2,
,09:25:13,21333,21327,21329,2793,2,
,09:25:13,21333,21326,21326,2803,10,
,09:25:14,21333,21326,21326,2803,10,
,09:25:14,21333,21326,21327,2805,2,
,09:25:15,21333,21326,21327,2805,2,
,09:25:15,21333,21326,21327,2809,4,
,09:25:16,21333,21326,21327,2810,1,
,09:25:18,21333,21326,21327,2811,1,
,09:25:18,21333,21326,21328,2812,1,
,09:25:19,21333,21325,21325,2813,1,
,09:25:20,21333,21325,21325,2816,3,
,09:25:21,21333,21325,21325,2816,3,
,09:25:21,21333,21325,21326,2817,1,
,09:25:22,21333,21325,21326,2817,1,
,09:25:23,21333,21325,21326,2817,1,
,09:25:23,21333,21325,21328,2821,4,
,09:25:24,21333,21325,21330,2825,4,
,09:25:25,21333,21325,21330,2825,4,
,09:25:25,21333,21325,21329,2836,11,
,09:25:26,21333,21325,21331,2846,10,
,09:25:27,21333,21325,21331,2846,10,
,09:25:28,21333,21325,21328,2848,2,
,09:25:29,21333,21325,21328,2848,2,
,09:25:30,21333,21325,21328,2848,2,
,09:25:31,21333,21325,21328,2848,2,
,09:25:31,21333,21325,21325,2850,2,
,09:25:32,21333,21325,21327,2852,2,
,09:25:33,21333,21325,21327,2856,4,
,09:25:34,21333,21325,21327,2858,2,
,09:25:35,21333,21325,21327,2858,2,
,09:25:36,21333,21325,21327,2858,2,
,09:25:36,21333,21325,21329,2863,5,
,09:25:37,21333,21325,21329,2863,5,
,09:25:37,21333,21325,21329,2863,5,
,09:25:38,21333,21325,21326,2864,1,
,09:25:39,21333,21325,21328,2865,1,
,09:25:39,21333,21325,21328,2866,1,
,09:25:40,21333,21325,21328,2866,1,
,09:25:40,21333,21325,21327,2868,2,
,09:25:41,21333,21325,21327,2870,2,
,09:25:41,21333,21325,21327,2873,3,
,09:25:42,21333,21325,21327,2873,3,
,09:25:42,21333,21325,21327,2875,2,
,09:25:43,21333,21325,21327,2875,2,
,09:25:44,21333,21325,21327,2875,2,
,09:25:46,21333,21325,21327,2876,1,
,09:25:47,21333,21325,21325,2878,2,
,09:25:47,21333,21325,21325,2880,2,
,09:25:48,21333,21324,21324,2881,1,
,09:25:48,21333,21324,21326,2882,1,
,09:25:51,21333,21324,21324,2884,2,
,09:25:52,21333,21324,21324,2884,2,
,09:25:52,21333,21324,21325,2887,3,
,09:25:53,21333,21324,21325,2887,3,
,09:25:53,21333,21324,21325,2887,3,
,09:25:54,21333,21324,21325,2887,3,
,09:25:55,21333,21324,21327,2902,15,
,09:25:56,21333,21324,21327,2902,15,
,09:25:56,21333,21324,21326,2904,2,
,09:25:57,21333,21324,21328,2909,5,
,09:25:58,21333,21324,21329,2910,1,
,09:25:58,21333,21324,21330,2911,1,
,09:25:59,21333,21324,21330,2911,1,
,09:26:00,21330,21330,21330,2911,1,
,09:26:00,21330,21330,21330,2915,4,
,09:26:01,21330,21330,21330,2915,4,
,09:26:01,21331,21330,21331,2920,5,
,09:26:02,21331,21330,21331,2920,5,
,09:26:02,21331,21330,21330,2923,3,
,09:26:03,21331,21330,21331,2925,2,
,09:26:03,21332,21330,21331,2929,4,
,09:26:04,21332,21330,21331,2929,4,
,09:26:04,21332,21330,21331,2931,2,
,09:26:05,21332,21328,21329,2939,8,
,09:26:06,21332,21328,21330,2942,3,
,09:26:07,21332,21328,21330,2942,3,
,09:26:08,21332,21328,21331,2943,1,
,09:26:08,21332,21328,21332,2944,1,
,09:26:09,21332,21328,21332,2944,1,
,09:26:09,21333,21328,21333,2945,1,
,09:26:10,21333,21325,21327,3012,67,
,09:26:11,21333,21325,21327,3012,67,
,09:26:12,21333,21325,21325,3013,1,
,09:26:12,21333,21325,21326,3014,1,
,09:26:13,21333,21325,21326,3014,1,
,09:26:13,21333,21325,21328,3016,2,
,09:26:14,21333,21325,21328,3016,2,
,09:26:15,21333,21325,21328,3016,2,
,09:26:16,21333,21325,21328,3017,1,
,09:26:16,21333,21325,21328,3017,1,
,09:26:18,21333,21325,21328,3017,1,
,09:26:18,21333,21325,21330,3019,2,
,09:26:19,21333,21325,21329,3020,1,
,09:26:19,21333,21325,21330,3023,3,
,09:26:20,21333,21325,21332,3036,13,
,09:26:21,21333,21325,21332,3037,1,
,09:26:21,21333,21325,21333,3042,5,
,09:26:22,21333,21325,21333,3044,2,
,09:26:22,21334,21325,21334,3046,2,
,09:26:23,21334,21325,21332,3047,1,
,09:26:24,21334,21325,21333,3055,8,
,09:26:25,21334,21325,21330,3068,13,
,09:26:26,21334,21325,21330,3068,13,
,09:26:27,21334,21325,21330,3068,13,
,09:26:28,21334,21325,21327,3070,2,
,09:26:29,21334,21325,21327,3078,8,
,09:26:30,21334,21325,21332,3092,14,
,09:26:31,21334,21325,21332,3092,14,
,09:26:31,21334,21325,21333,3098,6,
,09:26:32,21334,21325,21333,3098,6,
,09:26:33,21334,21325,21332,3099,1,
,09:26:33,21334,21325,21332,3105,6,
,09:26:34,21334,21325,21331,3106,1,
,09:26:34,21334,21325,21331,3106,1,
,09:26:37,21334,21325,21325,3124,18,
,09:26:38,21334,21325,21325,3124,18,
,09:26:39,21334,21325,21325,3124,18,
,09:26:39,21334,21325,21327,3125,1,
,09:26:40,21334,21325,21327,3126,1,
,09:26:40,21334,21325,21327,3127,1,
,09:26:40,21334,21325,21328,3128,1,
,09:26:41,21334,21325,21327,3129,1,
,09:26:41,21334,21325,21327,3130,1,
,09:26:41,21334,21325,21327,3130,1,
,09:26:42,21334,21325,21327,3130,1,
,09:26:43,21334,21325,21325,3131,1,
,09:26:43,21334,21325,21326,3132,1,
,09:26:44,21334,21325,21327,3133,1,
,09:26:45,21334,21325,21327,3134,1,
,09:26:46,21334,21325,21327,3134,1,
,09:26:47,21334,21322,21322,3143,9,
,09:26:48,21334,21322,21325,3144,1,
,09:26:48,21334,21322,21325,3152,8,
,09:26:49,21334,21322,21325,3153,1,
,09:26:50,21334,21322,21325,3153,1,
,09:26:51,21334,21322,21328,3154,1,
,09:26:51,21334,21322,21328,3157,3,
,09:26:52,21334,21322,21330,3158,1,
,09:26:52,21334,21322,21331,3160,2,
,09:26:53,21334,21322,21328,3164,4,
,09:26:56,21334,21322,21329,3165,1,
,09:26:57,21334,21322,21329,3165,1,
,09:26:58,21334,21322,21329,3165,1,
,09:27:00,21331,21331,21331,3166,1,
,09:27:01,21331,21331,21331,3166,1,
,09:27:01,21331,21331,21331,3169,3,
,09:27:02,21332,21328,21328,3174,5,
,09:27:03,21332,21328,21328,3175,1,
,09:27:03,21332,21327,21327,3176,1,
,09:27:04,21332,21326,21326,3178,2,
,09:27:05,21332,21326,21326,3179,1,
,09:27:05,21332,21321,21323,3186,7,
,09:27:06,21332,21321,21323,3187,1,
,09:27:07,21332,21320,21320,3195,8,
,09:27:08,21332,21320,21320,3196,1,
,09:27:08,21332,21320,21325,3203,7,
,09:27:09,21332,21320,21325,3203,7,
,09:27:10,21332,21320,21327,3205,2,
,09:27:10,21332,21320,21323,3215,10,
,09:27:11,21332,21320,21323,3215,10,
,09:27:11,21332,21320,21323,3215,10,
,09:27:12,21332,21320,21323,3215,10,
,09:27:12,21332,21320,21322,3216,1,
,09:27:13,21332,21319,21320,3222,6,
,09:27:14,21332,21319,21320,3222,6,
,09:27:14,21332,21318,21318,3231,9,
,09:27:15,21332,21318,21318,3231,9,
,09:27:15,21332,21318,21319,3233,2,
,09:27:16,21332,21318,21320,3234,1,
,09:27:16,21332,21318,21322,3236,2,
,09:27:17,21332,21318,21322,3236,2,
,09:27:17,21332,21318,21323,3240,4,
,09:27:18,21332,21318,21323,3240,4,
,09:27:18,21332,21318,21324,3242,2,
,09:27:19,21332,21318,21324,3242,2,
,09:27:20,21332,21318,21323,3243,1,
,09:27:21,21332,21318,21321,3244,1,
,09:27:21,21332,21318,21321,3247,3,
,09:27:22,21332,21318,21321,3247,3,
,09:27:22,21332,21318,21321,3249,2,
,09:27:24,21332,21318,21321,3249,2,
,09:27:25,21332,21318,21321,3249,2,
,09:27:25,21332,21318,21319,3250,1,
,09:27:26,21332,21318,21318,3251,1,
,09:27:27,21332,21318,21318,3251,1,
,09:27:27,21332,21318,21318,3256,5,
,09:27:28,21332,21318,21318,3256,5,
,09:27:28,21332,21317,21318,3262,6,
,09:27:29,21332,21317,21317,3266,4,
,09:27:30,21332,21317,21321,3275,9,
,09:27:31,21332,21317,21325,3282,7,
,09:27:32,21332,21317,21325,3282,7,
,09:27:32,21332,21317,21323,3288,6,
,09:27:33,21332,21317,21323,3288,6,
,09:27:34,21332,21317,21322,3289,1,
,09:27:34,21332,21317,21323,3294,5,
,09:27:35,21332,21317,21322,3303,9,
,09:27:36,21332,21317,21322,3303,9,
,09:27:36,21332,21317,21320,3304,1,
,09:27:37,21332,21317,21319,3305,1,
,09:27:38,21332,21317,21319,3305,1,
,09:27:39,21332,21317,21320,3306,1,
,09:27:39,21332,21317,21319,3308,2,
,09:27:40,21332,21317,21319,3308,2,
,09:27:40,21332,21317,21317,3309,1,
,09:27:41,21332,21317,21317,3309,1,
,09:27:42,21332,21317,21319,3311,2,
,09:27:43,21332,21317,21319,3312,1,
,09:27:44,21332,21317,21319,3313,1,
,09:27:45,21332,21317,21319,3313,1,
,09:27:46,21332,21317,21319,3313,1,
,09:27:46,21332,21317,21319,3313,1,
,09:27:48,21332,21317,21321,3315,2,
,09:27:49,21332,21317,21321,3315,2,
,09:27:49,21332,21317,21321,3316,1,
,09:27:50,21332,21317,21322,3317,1,
,09:27:52,21332,21317,21323,3319,2,
,09:27:53,21332,21317,21323,3320,1,
,09:27:53,21332,21317,21323,3321,1,
,09:27:54,21332,21317,21323,3321,1,
,09:27:54,21332,21317,21322,3323,2,
,09:27:55,21332,21317,21321,3324,1,
,09:27:56,21332,21317,21321,3327,3,
,09:27:58,21332,21317,21321,3333,6,
,09:27:59,21332,21317,21321,3333,6,
,09:27:59,21332,21317,21319,3337,4,
,09:28:00,21319,21319,21319,3339,2,
,09:28:00,21320,21317,21317,3347,8,
,09:28:01,21320,21317,21317,3347,8,
,09:28:01,21320,21317,21317,3349,2,
,09:28:02,21320,21314,21317,3362,13,
,09:28:03,21320,21314,21315,3363,1,
,09:28:03,21320,21314,21317,3373,10,
,09:28:04,21320,21314,21317,3374,1,
,09:28:04,21320,21312,21312,3380,6,
,09:28:05,21320,21312,21313,3385,5,
,09:28:06,21320,21312,21315,3391,6,
,09:28:07,21320,21312,21316,3392,1,
,09:28:07,21320,21312,21314,3394,2,
,09:28:08,21320,21312,21314,3394,2,
,09:28:08,21320,21312,21313,3397,3,
,09:28:09,21320,21312,21313,3397,3,
,09:28:09,21320,21312,21313,3399,2,
,09:28:10,21320,21312,21313,3399,2,
,09:28:10,21320,21312,21315,3406,7,
,09:28:11,21320,21312,21314,3410,4,
,09:28:12,21320,21312,21314,3410,4,
,09:28:13,21320,21312,21313,3411,1,
,09:28:13,21320,21312,21314,3414,3,
,09:28:15,21320,21312,21312,3415,1,
,09:28:15,21320,21312,21314,3416,1,
,09:28:16,21320,21312,21314,3416,1,
,09:28:17,21320,21312,21313,3430,14,
,09:28:18,21320,21311,21314,3436,6,
,09:28:19,21320,21311,21314,3437,1,
,09:28:19,21320,21311,21313,3440,3,
,09:28:20,21320,21311,21312,3441,1,
,09:28:20,21320,21311,21312,3442,1,
,09:28:21,21320,21311,21314,3443,1,
,09:28:21,21320,21311,21314,3444,1,
,09:28:22,21320,21311,21314,3444,1,
,09:28:22,21320,21311,21314,3445,1,
,09:28:23,21320,21311,21315,3446,1,
,09:28:23,21320,21311,21314,3453,7,
,09:28:24,21320,21311,21314,3453,7,
,09:28:24,21320,21311,21313,3455,2,
,09:28:25,21320,21311,21315,3464,9,
,09:28:26,21320,21311,21314,3465,1,
,09:28:26,21320,21311,21316,3466,1,
,09:28:27,21320,21311,21315,3467,1,
,09:28:27,21320,21311,21317,3468,1,
,09:28:28,21320,21311,21315,3469,1,
,09:28:28,21320,21311,21317,3471,2,
,09:28:29,21320,21311,21317,3471,2,
,09:28:29,21320,21311,21316,3474,3,
,09:28:30,21320,21311,21317,3484,10,
,09:28:31,21320,21311,21319,3485,1,
,09:28:31,21320,21311,21318,3487,2,
,09:28:32,21320,21311,21319,3488,1,
,09:28:33,21320,21311,21319,3489,1,
,09:28:33,21320,21311,21318,3492,3,
,09:28:34,21320,21311,21317,3493,1,
,09:28:35,21320,21311,21317,3493,1,
,09:28:35,21320,21311,21317,3493,1,
,09:28:36,21320,21311,21318,3494,1,
,09:28:37,21320,21311,21318,3496,2,
,09:28:38,21320,21311,21318,3496,2,
,09:28:39,21320,21311,21316,3497,1,
,09:28:39,21320,21311,21316,3498,1,
,09:28:40,21320,21311,21316,3498,1,
,09:28:41,21320,21311,21316,3498,1,
,09:28:41,21320,21311,21314,3501,3,
,09:28:42,21320,21311,21314,3508,7,
,09:28:43,21320,21311,21314,3509,1,
,09:28:43,21320,21311,21314,3510,1,
,09:28:44,21320,21311,21315,3511,1,
,09:28:44,21320,21311,21314,3514,3,
,09:28:45,21320,21311,21314,3514,3,
,09:28:45,21320,21311,21314,3514,3,
,09:28:46,21320,21311,21315,3521,7,
,09:28:47,21320,21311,21316,3522,1,
,09:28:48,21320,21311,21316,3523,1,
,09:28:48,21320,21311,21316,3523,1,
,09:28:49,21320,21311,21316,3523,1,
,09:28:50,21320,21311,21316,3523,1,
,09:28:52,21320,21311,21316,3523,1,
,09:28:52,21320,21311,21317,3530,7,
,09:28:53,21320,21311,21316,3531,1,
,09:28:54,21320,21311,21316,3531,1,
,09:28:54,21320,21311,21316,3534,3,
,09:28:55,21320,21311,21318,3535,1,
,09:28:58,21320,21311,21318,3535,1,
,09:28:58,21320,21311,21318,3536,1,
,09:28:59,21320,21311,21318,3536,1,
,09:28:59,21320,21311,21318,3537,1,
,09:29:00,21318,21318,21318,3538,1,
,09:29:00,21318,21316,21316,3539,1,
,09:29:01,21318,21316,21316,3540,1,
,09:29:02,21318,21316,21316,3540,1,
,09:29:02,21318,21315,21315,3542,2,
,09:29:03,21318,21314,21314,3543,1,
,09:29:03,21318,21313,21313,3552,9,
,09:29:04,21318,21313,21313,3552,9,
,09:29:04,21318,21313,21313,3556,4,
,09:29:05,21318,21310,21312,3563,7,
,09:29:06,21318,21310,21312,3563,7,
,09:29:06,21318,21310,21310,3566,3,
,09:29:07,21318,21310,21310,3566,3,
,09:29:07,21318,21310,21312,3567,1,
,09:29:08,21318,21310,21310,3569,2,
,09:29:08,21318,21310,21313,3580,11,
,09:29:09,21318,21310,21313,3580,11,
,09:29:09,21318,21310,21312,3581,1,
,09:29:10,21318,21310,21312,3582,1,
,09:29:10,21318,21310,21313,3583,1,
,09:29:11,21318,21310,21310,3584,1,
,09:29:11,21318,21310,21310,3589,5,
,09:29:12,21318,21310,21310,3589,5,
,09:29:12,21318,21310,21313,3594,5,
,09:29:13,21318,21310,21313,3594,5,
,09:29:13,21318,21310,21314,3595,1,
,09:29:14,21318,21310,21312,3597,2,
,09:29:15,21318,21310,21312,3597,2,
,09:29:15,21318,21310,21310,3605,8,
,09:29:16,21318,21310,21310,3605,8,
,09:29:16,21318,21310,21311,3615,10,
,09:29:17,21318,21310,21311,3615,10,
,09:29:17,21318,21309,21309,3618,3,
,09:29:18,21318,21309,21311,3619,1,
,09:29:18,21318,21309,21309,3623,4,
,09:29:19,21318,21309,21309,3623,4,
,09:29:19,21318,21309,21312,3628,5,
,09:29:20,21318,21309,21310,3631,3,
,09:29:21,21318,21309,21310,3631,3,
,09:29:21,21318,21309,21310,3633,2,
,09:29:22,21318,21309,21310,3633,2,
,09:29:22,21318,21309,21312,3635,2,
,09:29:24,21318,21309,21310,3636,1,
,09:29:24,21318,21309,21312,3637,1,
,09:29:25,21318,21309,21310,3638,1,
,09:29:25,21318,21309,21309,3639,1,
,09:29:26,21318,21308,21308,3647,8,
,09:29:27,21318,21308,21308,3647,8,
,09:29:27,21318,21306,21307,3660,13,
,09:29:28,21318,21306,21307,3660,13,
,09:29:28,21318,21306,21309,3665,5,
,09:29:29,21318,21306,21309,3665,5,
,09:29:29,21318,21306,21309,3667,2,
,09:29:30,21318,21306,21306,3673,6,
,09:29:31,21318,21306,21306,3675,2,
,09:29:31,21318,21305,21305,3685,10,
,09:29:32,21318,21305,21305,3685,10,
,09:29:32,21318,21305,21311,3694,9,
,09:29:33,21318,21305,21310,3701,7,
,09:29:34,21318,21305,21310,3701,7,
,09:29:34,21318,21305,21308,3702,1,
,09:29:35,21318,21305,21308,3702,1,
,09:29:35,21318,21305,21308,3705,3,
,09:29:36,21318,21305,21308,3705,3,
,09:29:36,21318,21305,21310,3711,6,
,09:29:37,21318,21305,21310,3711,6,
,09:29:37,21318,21305,21310,3712,1,
,09:29:38,21318,21305,21312,3713,1,
,09:29:40,21318,21305,21312,3713,1,
,09:29:41,21318,21305,21312,3713,1,
,09:29:41,21318,21305,21312,3714,1,
,09:29:42,21318,21305,21312,3726,12,
,09:29:43,21318,21305,21311,3728,2,
,09:29:44,21318,21305,21311,3728,2,
,09:29:45,21318,21305,21310,3732,4,
,09:29:46,21318,21305,21310,3733,1,
,09:29:46,21318,21305,21312,3735,2,
,09:29:47,21318,21305,21309,3736,1,
,09:29:47,21318,21305,21310,3738,2,
,09:29:48,21318,21305,21309,3744,6,
,09:29:49,21318,21305,21309,3744,6,
,09:29:49,21318,21305,21309,3746,2,
,09:29:50,21318,21305,21309,3746,2,
,09:29:51,21318,21305,21307,3753,7,
,09:29:52,21318,21305,21307,3753,7,
,09:29:52,21318,21305,21306,3754,1,
,09:29:53,21318,21305,21306,3754,1,
,09:29:53,21318,21305,21311,3758,4,
,09:29:54,21318,21305,21311,3758,4,
,09:29:54,21318,21305,21314,3773,15,
,09:29:55,21318,21305,21315,3777,4,
,09:29:55,21318,21305,21315,3780,3,
,09:29:56,21318,21305,21313,3782,2,
,09:29:57,21318,21305,21313,3782,2,
,09:29:58,21318,21305,21310,3783,1,
,09:29:58,21318,21305,21315,3797,14,
,09:29:59,21318,21305,21315,3797,14,
,09:30:00,21313,21313,21313,3798,1,
,09:30:00,21319,21311,21318,3839,41,
,09:30:01,21319,21311,21317,3840,1,
,09:30:01,21319,21311,21314,3861,21,
,09:30:02,21319,21311,21314,3862,1,
,09:30:02,21319,21311,21312,3879,17,
,09:30:03,21319,21309,21310,3889,10,
,09:30:04,21319,21309,21309,3896,7,
,09:30:04,21319,21308,21310,3906,10,
,09:30:05,21319,21308,21310,3908,2,
,09:30:05,21319,21308,21309,3909,1,
,09:30:06,21319,21308,21311,3910,1,
,09:30:06,21319,21308,21310,3912,2,
,09:30:07,21319,21308,21310,3912,2,
,09:30:07,21319,21305,21305,3921,9,
,09:30:08,21319,21305,21305,3922,1,
,09:30:08,21319,21299,21299,3972,50,
,09:30:09,21319,21299,21300,4013,41,
,09:30:10,21319,21299,21300,4016,3,
,09:30:10,21319,21299,21301,4041,25,
,09:30:11,21319,21299,21301,4063,22,
,09:30:12,21319,21299,21303,4064,1,
,09:30:12,21319,21299,21300,4083,19,
,09:30:13,21319,21299,21302,4098,15,
,09:30:14,21319,21299,21300,4120,22,
,09:30:15,21319,21299,21306,4134,14,
,09:30:16,21319,21299,21306,4135,1,
,09:30:16,21319,21299,21304,4142,7,
,09:30:17,21319,21299,21303,4147,5,
,09:30:17,21319,21299,21303,4172,25,
,09:30:18,21319,21299,21304,4173,1,
,09:30:18,21319,21299,21306,4180,7,
,09:30:19,21319,21299,21314,4201,21,
,09:30:20,21330,21299,21329,4284,83,
,09:30:21,21334,21299,21334,4322,38,
,09:30:22,21336,21299,21335,4347,25,
,09:30:23,21336,21299,21332,4372,25,
,09:30:24,21336,21299,21331,4373,1,
,09:30:24,21336,21299,21326,4407,34,
,09:30:25,21336,21299,21325,4426,19,
,09:30:26,21336,21299,21325,4429,3,
,09:30:27,21336,21299,21326,4430,1,
,09:30:27,21336,21299,21329,4438,8,
,09:30:28,21336,21299,21333,4457,19,
,09:30:29,21336,21299,21333,4458,1,
,09:30:29,21336,21299,21332,4468,10,
,09:30:30,21336,21299,21332,4469,1,
,09:30:30,21336,21299,21333,4480,11,
,09:30:31,21336,21299,21332,4481,1,
,09:30:31,21336,21299,21329,4497,16,
,09:30:32,21336,21299,21329,4498,1,
,09:30:32,21336,21299,21332,4505,7,
,09:30:33,21336,21299,21332,4505,7,
,09:30:33,21337,21299,21337,4516,11,
,09:30:34,21337,21299,21336,4520,4,
,09:30:34,21337,21299,21333,4539,19,
,09:30:35,21337,21299,21336,4554,15,
,09:30:36,21337,21299,21337,4566,12,
,09:30:37,21337,21299,21332,4599,33,
,09:30:38,21337,21299,21332,4600,1,
,09:30:38,21343,21299,21342,4641,41,
,09:30:39,21343,21299,21340,4642,1,
,09:30:39,21345,21299,21341,4667,25,
,09:30:40,21349,21299,21345,4732,65,
,09:30:41,21350,21299,21350,4789,57,
,09:30:42,21350,21299,21349,4790,1,
,09:30:42,21352,21299,21347,4837,47,
,09:30:43,21352,21299,21349,4840,3,
,09:30:43,21353,21299,21347,4890,50,
,09:30:44,21353,21299,21345,4909,19,
,09:30:45,21353,21299,21341,4928,19,
,09:30:46,21353,21299,21341,4946,18,
,09:30:47,21353,21299,21337,4958,12,
,09:30:48,21353,21299,21338,4960,2,
,09:30:48,21353,21299,21339,4965,5,
,09:30:49,21353,21299,21340,4967,2,
,09:30:50,21353,21299,21340,4969,2,
,09:30:50,21353,21299,21344,4973,4,
,09:30:51,21353,21299,21344,4979,6,
,09:30:52,21353,21299,21342,4985,6,
,09:30:53,21353,21299,21340,4986,1,
,09:30:53,21353,21299,21339,4988,2,
,09:30:54,21353,21299,21339,4989,1,
,09:30:54,21353,21299,21336,4998,9,
,09:30:55,21353,21299,21336,4999,1,
,09:30:55,21353,21299,21334,5003,4,
,09:30:56,21353,21299,21334,5003,4,
,09:30:56,21353,21299,21335,5004,1,
,09:30:57,21353,21299,21336,5014,10,
,09:30:58,21353,21299,21335,5021,7,
,09:30:59,21353,21299,21335,5021,7,
,09:30:59,21353,21299,21331,5039,18,
,09:31:00,21331,21331,21331,5039,18,
,09:31:00,21332,21331,21332,5042,3,
,09:31:01,21336,21331,21336,5044,2,
,09:31:01,21336,21331,21334,5053,9,
,09:31:02,21338,21331,21338,5056,3,
,09:31:02,21338,21331,21338,5063,7,
,09:31:03,21338,21331,21336,5064,1,
,09:31:03,21339,21331,21336,5068,4,
,09:31:04,21339,21331,21336,5068,4,
,09:31:04,21339,21331,21333,5076,8,
,09:31:05,21339,21331,21335,5096,20,
,09:31:06,21339,21331,21338,5108,12,
,09:31:07,21339,21331,21338,5108,12,
,09:31:08,21339,21331,21338,5109,1,
,09:31:08,21340,21331,21339,5113,4,
,09:31:09,21340,21331,21339,5113,4,
,09:31:09,21340,21331,21338,5123,10,
,09:31:10,21340,21331,21338,5125,2,
,09:31:10,21340,21331,21336,5127,2,
,09:31:11,21340,21331,21338,5129,2,
,09:31:12,21340,21331,21337,5135,6,
,09:31:13,21340,21331,21340,5152,17,
,09:31:14,21340,21331,21339,5153,1,
,09:31:14,21340,21331,21339,5156,3,
,09:31:15,21340,21331,21338,5160,4,
,09:31:16,21340,21331,21339,5175,15,
,09:31:17,21340,21331,21339,5176,1,
,09:31:17,21341,21331,21340,5188,12,
,09:31:18,21341,21331,21340,5188,12,
,09:31:18,21341,21331,21339,5190,2,
,09:31:19,21341,21331,21336,5200,10,
,09:31:20,21341,21331,21336,5200,10,
,09:31:20,21341,21331,21336,5204,4,
,09:31:21,21341,21331,21336,5206,2,
,09:31:21,21341,21331,21338,5211,5,
,09:31:22,21341,21331,21337,5212,1,
,09:31:22,21341,21331,21338,5214,2,
,09:31:23,21341,21331,21337,5215,1,
,09:31:23,21341,21331,21338,5216,1,
,09:31:24,21341,21331,21336,5227,11,
,09:31:25,21341,21331,21336,5227,11,
,09:31:25,21341,21331,21340,5238,11,
,09:31:26,21344,21331,21343,5247,9,
,09:31:27,21344,21331,21343,5247,9,
,09:31:27,21344,21331,21341,5250,3,
,09:31:28,21344,21331,21341,5252,2,
,09:31:28,21344,21331,21343,5269,17,
,09:31:29,21344,21331,21342,5270,1,
,09:31:29,21344,21331,21343,5274,4,
,09:31:30,21344,21331,21342,5275,1,
,09:31:30,21345,21331,21344,5281,6,
,09:31:31,21345,21331,21343,5282,1,
,09:31:31,21345,21331,21341,5303,21,
,09:31:32,21345,21331,21341,5320,17,
,09:31:33,21345,21331,21342,5321,1,
,09:31:33,21345,21331,21342,5326,5,
,09:31:34,21345,21331,21342,5327,1,
,09:31:35,21345,21331,21337,5330,3,
,09:31:35,21345,21331,21337,5334,4,
,09:31:36,21345,21331,21337,5335,1,
,09:31:36,21345,21331,21338,5336,1,
,09:31:37,21345,21331,21341,5337,1,
,09:31:37,21345,21331,21339,5338,1,
,09:31:38,21345,21331,21337,5343,5,
,09:31:39,21345,21331,21337,5343,5,
,09:31:39,21345,21331,21335,5346,3,
,09:31:40,21345,21331,21335,5346,3,
,09:31:40,21345,21331,21334,5351,5,
,09:31:41,21345,21331,21336,5354,3,
,09:31:42,21345,21331,21336,5354,3,
,09:31:42,21345,21331,21336,5355,1,
,09:31:43,21345,21331,21336,5355,1,
,09:31:43,21345,21331,21336,5356,1,
,09:31:44,21345,21331,21336,5356,1,
,09:31:44,21345,21331,21335,5357,1,
,09:31:45,21345,21331,21335,5363,6,
,09:31:46,21345,21331,21335,5363,6,
,09:31:46,21345,21331,21333,5365,2,
,09:31:47,21345,21331,21333,5365,2,
,09:31:47,21345,21331,21335,5366,1,
,09:31:48,21345,21331,21333,5369,3,
,09:31:49,21345,21328,21328,5385,16,
,09:31:50,21345,21328,21328,5385,16,
,09:31:50,21345,21328,21328,5395,10,
,09:31:51,21345,21328,21330,5398,3,
,09:31:52,21345,21328,21330,5398,3,
,09:31:52,21345,21328,21333,5410,12,
,09:31:53,21345,21328,21333,5410,12,
,09:31:53,21345,21328,21333,5413,3,
,09:31:54,21345,21328,21333,5413,3,
,09:31:54,21345,21328,21331,5416,3,
,09:31:55,21345,21328,21330,5417,1,
,09:31:55,21345,21328,21330,5419,2,
,09:31:56,21345,21321,21321,5462,43,
,09:31:57,21345,21319,21321,5474,12,
,09:31:58,21345,21319,21321,5486,12,
,09:31:59,21345,21319,21322,5499,13,
,09:32:00,21322,21322,21322,5499,13,
,09:32:00,21322,21318,21318,5507,8,
,09:32:01,21322,21318,21318,5507,8,
,09:32:01,21322,21318,21321,5528,21,
,09:32:02,21323,21318,21323,5530,2,
,09:32:02,21323,21318,21320,5534,4,
,09:32:03,21323,21318,21320,5534,4,
,09:32:03,21323,21318,21320,5536,2,
,09:32:04,21323,21318,21320,5536,2,
,09:32:04,21323,21317,21317,5540,4,
,09:32:05,21323,21312,21313,5565,25,
,09:32:06,21323,21312,21312,5576,11,
,09:32:07,21323,21312,21316,5597,21,
,09:32:08,21323,21312,21317,5598,1,
,09:32:08,21323,21312,21313,5609,11,
,09:32:09,21323,21312,21313,5611,2,
,09:32:09,21323,21310,21311,5628,17,
,09:32:10,21323,21310,21311,5628,17,
,09:32:10,21323,21309,21309,5645,17,
,09:32:11,21323,21309,21310,5646,1,
,09:32:11,21323,21307,21308,5657,11,
,09:32:12,21323,21305,21305,5671,14,
,09:32:13,21323,21302,21302,5700,29,
,09:32:14,21323,21294,21294,5753,53,
,09:32:15,21323,21294,21297,5754,1,
,09:32:15,21323,21292,21292,5819,65,
,09:32:16,21323,21291,21297,5858,39,
,09:32:17,21323,21291,21300,5893,35,
,09:32:18,21323,21291,21299,5894,1,
,09:32:18,21323,21291,21299,5907,13,
,09:32:19,21323,21291,21299,5929,22,
,09:32:20,21323,21291,21299,5957,28,
,09:32:21,21323,21291,21298,5973,16,
,09:32:22,21323,21291,21297,5974,1,
,09:32:22,21323,21291,21298,6001,27,
,09:32:23,21323,21291,21298,6001,27,
,09:32:23,21323,21291,21300,6013,12,
,09:32:24,21323,21291,21301,6014,1,
,09:32:24,21323,21291,21301,6021,7,
,09:32:25,21323,21291,21297,6040,19,
,09:32:26,21323,21291,21296,6066,26,
,09:32:27,21323,21291,21296,6066,26,
,09:32:27,21323,21291,21296,6070,4,
,09:32:28,21323,21291,21296,6070,4,
,09:32:28,21323,21291,21296,6075,5,
,09:32:29,21323,21291,21298,6076,1,
,09:32:29,21323,21291,21295,6084,8,
,09:32:30,21323,21291,21295,6086,2,
,09:32:30,21323,21291,21296,6093,7,
,09:32:31,21323,21291,21294,6094,1,
,09:32:31,21323,21291,21295,6098,4,
,09:32:32,21323,21291,21298,6110,12,
,09:32:33,21323,21291,21298,6111,1,
,09:32:33,21323,21291,21302,6129,18,
,09:32:34,21323,21291,21300,6140,11,
,09:32:35,21323,21291,21300,6140,11,
,09:32:35,21323,21291,21301,6147,7,
,09:32:36,21323,21291,21301,6147,7,
,09:32:36,21323,21291,21304,6151,4,
,09:32:37,21323,21291,21303,6154,3,
,09:32:38,21323,21291,21303,6154,3,
,09:32:38,21323,21291,21303,6156,2,
,09:32:39,21323,21291,21304,6157,1,
,09:32:39,21323,21291,21307,6166,9,
,09:32:40,21323,21291,21307,6166,9,
,09:32:40,21323,21291,21305,6168,2,
,09:32:41,21323,21291,21307,6169,1,
,09:32:41,21323,21291,21306,6173,4,
,09:32:42,21323,21291,21306,6174,1,
,09:32:42,21323,21291,21306,6177,3,
,09:32:43,21323,21291,21306,6177,3,
,09:32:43,21323,21291,21306,6180,3,
,09:32:44,21323,21291,21306,6180,3,
,09:32:44,21323,21291,21305,6181,1,
,09:32:45,21323,21291,21304,6183,2,
,09:32:46,21323,21291,21304,6183,2,
,09:32:46,21323,21291,21304,6189,6,
,09:32:47,21323,21291,21304,6190,1,
,09:32:47,21323,21291,21302,6196,6,
,09:32:48,21323,21291,21301,6199,3,
,09:32:48,21323,21291,21305,6221,22,
,09:32:49,21323,21291,21304,6222,1,
,09:32:49,21323,21291,21304,6224,2,
,09:32:50,21323,21291,21303,6225,1,
,09:32:50,21323,21291,21303,6226,1,
,09:32:51,21323,21291,21304,6227,1,
,09:32:51,21323,21291,21304,6229,2,
,09:32:52,21323,21291,21304,6229,2,
,09:32:52,21323,21291,21304,6231,2,
,09:32:53,21323,21291,21304,6231,2,
,09:32:53,21323,21291,21303,6233,2,
,09:32:54,21323,21291,21303,6234,1,
,09:32:54,21323,21291,21304,6238,4,
,09:32:55,21323,21291,21304,6238,4,
,09:32:55,21323,21291,21305,6241,3,
,09:32:56,21323,21291,21305,6241,3,
,09:32:56,21323,21291,21306,6251,10,
,09:32:57,21323,21291,21306,6251,10,
,09:32:57,21323,21291,21309,6271,20,
,09:32:58,21323,21291,21307,6272,1,
,09:32:58,21323,21291,21309,6282,10,
,09:32:59,21323,21291,21309,6282,10,
,09:32:59,21323,21291,21310,6296,14,
,09:33:00,21310,21310,21310,6296,14,
,09:33:00,21311,21307,21310,6318,22,
,09:33:01,21311,21307,21309,6319,1,
,09:33:01,21312,21307,21309,6323,4,
,09:33:02,21312,21307,21309,6323,4,
,09:33:02,21314,21307,21313,6332,9,
,09:33:03,21314,21307,21313,6332,9,
,09:33:03,21314,21307,21313,6341,9,
,09:33:04,21316,21307,21314,6352,11,
,09:33:05,21316,21307,21315,6353,1,
,09:33:05,21316,21307,21315,6362,9,
,09:33:06,21316,21307,21315,6362,9,
,09:33:06,21316,21307,21315,6367,5,
,09:33:07,21316,21307,21315,6367,5,
,09:33:07,21325,21307,21322,6400,33,
,09:33:08,21325,21307,21321,6401,1,
,09:33:08,21325,21307,21324,6421,20,
,09:33:09,21325,21307,21324,6422,1,
,09:33:09,21326,21307,21326,6442,20,
,09:33:10,21326,21307,21326,6442,20,
,09:33:10,21330,21307,21327,6459,17,
,09:33:11,21331,21307,21330,6468,9,
,09:33:12,21331,21307,21330,6468,9,
,09:33:12,21331,21307,21329,6475,7,
,09:33:13,21331,21307,21326,6482,7,
,09:33:14,21331,21307,21326,6482,7,
,09:33:14,21331,21307,21321,6506,24,
,09:33:15,21331,21307,21321,6506,24,
,09:33:15,21331,21307,21318,6508,2,
,09:33:16,21331,21307,21322,6518,10,
,09:33:17,21331,21307,21322,6518,10,
,09:33:17,21331,21307,21329,6527,9,
,09:33:18,21331,21307,21329,6527,9,
,09:33:18,21331,21307,21327,6532,5,
,09:33:19,21331,21307,21327,6532,5,
,09:33:19,21331,21307,21325,6546,14,
,09:33:20,21331,21307,21325,6546,14,
,09:33:20,21331,21307,21323,6551,5,
,09:33:21,21331,21307,21323,6551,5,
,09:33:21,21331,21307,21325,6552,1,
,09:33:22,21331,21307,21325,6553,1,
,09:33:22,21331,21307,21325,6555,2,
,09:33:24,21331,21307,21325,6555,2,
,09:33:24,21331,21307,21324,6562,7,
,09:33:25,21331,21307,21324,6566,4,
,09:33:26,21331,21307,21324,6566,4,
,09:33:26,21331,21307,21323,6580,14,
,09:33:27,21331,21307,21325,6591,11,
,09:33:28,21331,21307,21324,6592,1,
,09:33:28,21331,21307,21328,6598,6,
,09:33:29,21331,21307,21328,6598,6,
,09:33:29,21331,21307,21329,6609,11,
,09:33:30,21331,21307,21329,6609,11,
,09:33:30,21332,21307,21328,6625,16,
,09:33:31,21332,21307,21326,6647,22,
,09:33:32,21332,21307,21326,6647,22,
,09:33:32,21332,21307,21327,6648,1,
,09:33:33,21332,21307,21327,6648,1,
,09:33:33,21332,21307,21326,6653,5,
,09:33:34,21332,21307,21322,6662,9,
,09:33:35,21332,21307,21322,6662,9,
,09:33:35,21332,21307,21324,6664,2,
,09:33:36,21332,21307,21324,6664,2,
,09:33:36,21332,21307,21323,6665,1,
,09:33:37,21332,21307,21326,6674,9,
,09:33:38,21332,21307,21326,6674,9,
,09:33:38,21332,21307,21325,6680,6,
,09:33:39,21332,21307,21324,6684,4,
,09:33:40,21332,21307,21324,6685,1,
,09:33:40,21332,21307,21322,6690,5,
,09:33:41,21332,21307,21321,6692,2,
,09:33:41,21332,21307,21322,6696,4,
,09:33:42,21332,21307,21322,6697,1,
,09:33:42,21332,21307,21323,6699,2,
,09:33:43,21332,21307,21323,6699,2,
,09:33:43,21332,21307,21323,6703,4,
,09:33:44,21332,21307,21323,6703,4,
,09:33:44,21332,21307,21322,6704,1,
,09:33:45,21332,21307,21322,6705,1,
,09:33:45,21332,21307,21322,6706,1,
,09:33:47,21332,21307,21322,6706,1,
,09:33:47,21332,21307,21321,6713,7,
,09:33:48,21332,21307,21321,6713,7,
,09:33:48,21332,21307,21322,6715,2,
,09:33:49,21332,21307,21322,6718,3,
,09:33:50,21332,21307,21318,6746,28,
,09:33:51,21332,21307,21318,6748,2,
,09:33:52,21332,21307,21319,6749,1,
,09:33:52,21332,21307,21320,6755,6,
,09:33:53,21332,21307,21320,6755,6,
,09:33:54,21332,21307,21318,6763,8,
,09:33:55,21332,21307,21318,6763,8,
,09:33:55,21332,21307,21318,6764,1,
,09:33:56,21332,21307,21320,6765,1,
,09:33:56,21332,21307,21319,6773,8,
,09:33:58,21332,21307,21318,6776,3,
,09:33:59,21332,21307,21318,6776,3,
,09:33:59,21332,21307,21321,6778,2,
,09:34:00,21321,21321,21321,6778,2,
,09:34:00,21322,21321,21322,6782,4,
,09:34:01,21323,21321,21323,6783,1,
,09:34:01,21323,21321,21322,6785,2,
,09:34:02,21324,21321,21324,6786,1,
,09:34:02,21325,21321,21325,6793,7,
,09:34:03,21325,21321,21325,6793,7,
,09:34:03,21325,21321,21325,6794,1,
,09:34:04,21326,21321,21326,6795,1,
,09:34:05,21326,21321,21324,6804,9,
,09:34:06,21326,21320,21323,6820,16,
,09:34:07,21326,21320,21323,6820,16,
,09:34:07,21326,21320,21321,6822,2,
,09:34:08,21326,21320,21321,6828,6,
,09:34:09,21326,21320,21323,6830,2,
,09:34:10,21326,21320,21323,6830,2,
,09:34:10,21326,21320,21321,6832,2,
,09:34:11,21326,21319,21319,6833,1,
,09:34:12,21326,21316,21318,6849,16,
,09:34:13,21326,21316,21318,6849,16,
,09:34:13,21326,21316,21318,6850,1,
,09:34:14,21326,21316,21318,6850,1,
,09:34:14,21326,21314,21315,6869,19,
,09:34:15,21326,21314,21315,6870,1,
,09:34:15,21326,21314,21317,6879,9,
,09:34:16,21326,21314,21317,6879,9,
,09:34:17,21326,21314,21315,6880,1,
,09:34:17,21326,21314,21315,6882,2,
,09:34:18,21326,21314,21315,6883,1,
,09:34:18,21326,21314,21314,6891,8,
,09:34:19,21326,21307,21307,6902,11,
,09:34:20,21326,21307,21307,6903,1,
,09:34:20,21326,21307,21308,6922,19,
,09:34:21,21326,21307,21307,6925,3,
,09:34:22,21326,21304,21306,6935,10,
,09:34:23,21326,21304,21306,6935,10,
,09:34:23,21326,21304,21305,6943,8,
,09:34:24,21326,21301,21302,6960,17,
,09:34:25,21326,21301,21303,6961,1,
,09:34:25,21326,21301,21305,6967,6,
,09:34:26,21326,21301,21305,6968,1,
,09:34:26,21326,21301,21304,6977,9,
,09:34:27,21326,21301,21309,6986,9,
,09:34:28,21326,21301,21312,6997,11,
,09:34:29,21326,21301,21316,7003,6,
,09:34:30,21326,21301,21316,7003,6,
,09:34:30,21326,21301,21315,7007,4,
,09:34:31,21326,21301,21314,7008,1,
,09:34:31,21326,21301,21313,7010,2,
,09:34:32,21326,21301,21308,7016,6,
,09:34:33,21326,21301,21308,7016,6,
,09:34:33,21326,21301,21309,7018,2,
,09:34:34,21326,21301,21309,7019,1,
,09:34:35,21326,21301,21311,7020,1,
,09:34:35,21326,21301,21310,7024,4,
,09:34:36,21326,21301,21310,7024,4,
,09:34:36,21326,21301,21309,7025,1,
,09:34:37,21326,21301,21308,7026,1,
,09:34:37,21326,21301,21311,7036,10,
,09:34:38,21326,21301,21311,7037,1,
,09:34:38,21326,21301,21314,7040,3,
,09:34:39,21326,21301,21315,7041,1,
,09:34:39,21326,21301,21315,7042,1,
,09:34:40,21326,21301,21314,7045,3,
,09:34:41,21326,21301,21313,7046,1,
,09:34:41,21326,21301,21316,7049,3,
,09:34:42,21326,21301,21316,7052,3,
,09:34:43,21326,21301,21315,7057,5,
,09:34:44,21326,21301,21316,7058,1,
,09:34:45,21326,21301,21316,7060,2,
,09:34:46,21326,21301,21316,7061,1,
,09:34:46,21326,21301,21315,7063,2,
,09:34:47,21326,21301,21317,7064,1,
,09:34:47,21326,21301,21317,7067,3,
,09:34:48,21326,21301,21319,7068,1,
,09:34:48,21326,21301,21317,7075,7,
,09:34:49,21326,21301,21316,7082,7,
,09:34:50,21326,21301,21314,7086,4,
,09:34:52,21326,21301,21314,7086,4,
,09:34:52,21326,21301,21314,7088,2,
,09:34:53,21326,21301,21314,7088,2,
,09:34:53,21326,21301,21312,7092,4,
,09:34:54,21326,21301,21312,7093,1,
,09:34:54,21326,21301,21313,7096,3,
,09:34:55,21326,21301,21313,7096,3,
,09:34:55,21326,21301,21311,7099,3,
,09:34:56,21326,21301,21310,7101,2,
,09:34:56,21326,21301,21309,7105,4,
,09:34:57,21326,21301,21308,7106,1,
,09:34:57,21326,21301,21308,7107,1,
,09:34:58,21326,21301,21308,7107,1,
,09:34:58,21326,21301,21309,7126,19,
,09:34:59,21326,21301,21305,7141,15,
,09:35:00,21307,21307,21307,7142,1,
,09:35:00,21309,21306,21308,7152,10,
,09:35:01,21309,21306,21307,7153,1,
,09:35:01,21309,21304,21306,7172,19,
,09:35:02,21309,21304,21306,7173,1,
,09:35:02,21309,21304,21304,7178,5,
,09:35:03,21309,21304,21304,7179,1,
,09:35:03,21311,21304,21311,7208,29,
,09:35:04,21311,21304,21310,7210,2,
,09:35:04,21311,21304,21309,7215,5,
,09:35:05,21311,21304,21309,7215,5,
,09:35:05,21311,21304,21311,7220,5,
,09:35:06,21311,21304,21311,7220,5,
,09:35:07,21311,21304,21310,7221,1,
,09:35:07,21311,21304,21310,7222,1,
,09:35:08,21311,21304,21311,7223,1,
,09:35:08,21311,21304,21310,7229,6,
,09:35:09,21311,21304,21310,7231,2,
,09:35:09,21311,21304,21305,7253,22,
,09:35:10,21311,21304,21305,7259,6,
,09:35:11,21311,21304,21305,7259,6,
,09:35:11,21311,21304,21305,7265,6,
,09:35:12,21311,21304,21305,7265,6,
,09:35:12,21311,21304,21305,7266,1,
,09:35:13,21311,21304,21306,7278,12,
,09:35:14,21311,21304,21308,7280,2,
,09:35:14,21311,21304,21308,7291,11,
,09:35:15,21311,21304,21309,7299,8,
,09:35:16,21311,21304,21309,7299,8,
,09:35:16,21311,21304,21308,7307,8,
,09:35:17,21311,21304,21306,7312,5,
,09:35:18,21311,21304,21307,7313,1,
,09:35:19,21311,21304,21308,7314,1,
,09:35:19,21311,21304,21309,7319,5,
,09:35:20,21311,21304,21309,7319,5,
,09:35:20,21311,21304,21311,7321,2,
,09:35:21,21311,21304,21309,7322,1,
,09:35:21,21312,21304,21310,7335,13,
,09:35:22,21312,21304,21310,7335,13,
,09:35:22,21312,21304,21310,7339,4,
,09:35:23,21312,21304,21310,7339,4,
,09:35:24,21312,21304,21312,7340,1,
,09:35:24,21313,21304,21311,7357,17,
,09:35:25,21313,21304,21311,7357,17,
,09:35:25,21314,21304,21314,7360,3,
,09:35:26,21314,21304,21312,7364,4,
,09:35:27,21314,21304,21311,7371,7,
,09:35:28,21314,21304,21311,7372,1,
,09:35:28,21314,21304,21311,7372,1,
,09:35:29,21314,21304,21310,7374,2,
,09:35:30,21314,21304,21310,7374,2,
,09:35:30,21314,21304,21310,7375,1,
,09:35:31,21314,21304,21311,7376,1,
,09:35:31,21314,21304,21311,7377,1,
,09:35:32,21314,21304,21312,7380,3,
,09:35:32,21314,21304,21312,7382,2,
,09:35:33,21314,21304,21314,7385,3,
,09:35:34,21314,21304,21312,7386,1,
,09:35:34,21314,21304,21313,7389,3,
,09:35:35,21314,21304,21314,7390,1,
,09:35:35,21315,21304,21315,7391,1,
,09:35:36,21315,21304,21315,7391,1,
,09:35:36,21315,21304,21311,7396,5,
,09:35:37,21315,21304,21311,7396,5,
,09:35:38,21315,21304,21311,7396,5,
,09:35:38,21315,21304,21313,7400,4,
,09:35:39,21315,21304,21313,7401,1,
,09:35:39,21315,21304,21315,7405,4,
,09:35:40,21315,21304,21314,7406,1,
,09:35:40,21316,21304,21316,7413,7,
,09:35:41,21316,21304,21316,7413,7,
,09:35:41,21316,21304,21315,7416,3,
,09:35:42,21316,21304,21315,7416,3,
,09:35:42,21316,21304,21314,7418,2,
,09:35:43,21316,21304,21314,7418,2,
,09:35:43,21316,21304,21315,7422,4,
,09:35:44,21316,21304,21315,7422,4,
,09:35:44,21316,21304,21312,7423,1,
,09:35:45,21316,21304,21313,7424,1,
,09:35:45,21316,21304,21312,7426,2,
,09:35:46,21316,21304,21312,7426,2,
,09:35:46,21316,21304,21310,7432,6,
,09:35:47,21316,21304,21310,7432,6,
,09:35:47,21316,21304,21311,7434,2,
,09:35:48,21316,21304,21311,7434,2,
,09:35:48,21316,21304,21309,7437,3,
,09:35:49,21316,21304,21308,7457,20,
,09:35:50,21316,21304,21307,7460,3,
,09:35:51,21316,21304,21307,7461,1,
,09:35:51,21316,21304,21306,7463,2,
,09:35:52,21316,21304,21309,7466,3,
,09:35:53,21316,21304,21309,7467,1,
,09:35:53,21316,21304,21312,7475,8,
,09:35:54,21316,21304,21313,7476,1,
,09:35:55,21316,21304,21310,7490,14,
,09:35:56,21316,21304,21310,7491,1,
,09:35:57,21316,21304,21311,7492,1,
,09:35:58,21316,21304,21311,7492,1,
,09:35:58,21316,21304,21311,7495,3,
,09:35:59,21316,21304,21311,7495,3,
,09:35:59,21316,21304,21312,7497,2,
,09:36:00,21312,21312,21312,7497,2,
,09:36:00,21312,21310,21310,7498,1,
,09:36:01,21312,21310,21311,7499,1,
,09:36:01,21312,21310,21311,7503,4,
,09:36:02,21312,21310,21312,7506,3,
,09:36:03,21312,21310,21312,7506,3,
,09:36:03,21314,21310,21314,7511,5,
,09:36:04,21314,21310,21314,7511,5,
,09:36:05,21315,21310,21315,7512,1,
,09:36:06,21316,21310,21316,7518,6,
,09:36:06,21316,21310,21315,7522,4,
,09:36:07,21316,21310,21315,7523,1,
,09:36:07,21316,21310,21315,7524,1,
,09:36:08,21316,21310,21315,7524,1,
,09:36:08,21316,21310,21314,7531,7,
,09:36:09,21316,21310,21314,7531,7,
,09:36:09,21316,21310,21314,7532,1,
,09:36:10,21316,21310,21314,7533,1,
,09:36:11,21316,21310,21312,7543,10,
,09:36:12,21316,21310,21312,7543,10,
,09:36:12,21316,21310,21310,7547,4,
,09:36:13,21316,21310,21310,7547,4,
,09:36:13,21316,21310,21310,7549,2,
,09:36:14,21316,21308,21308,7552,3,
,09:36:14,21316,21306,21306,7559,7,
,09:36:15,21316,21306,21306,7560,1,
,09:36:15,21316,21305,21305,7565,5,
,09:36:16,21316,21305,21305,7576,11,
,09:36:17,21316,21305,21305,7580,4,
,09:36:17,21316,21305,21306,7585,5,
,09:36:18,21316,21305,21306,7585,5,
,09:36:18,21316,21305,21308,7589,4,
,09:36:19,21316,21305,21308,7589,4,
,09:36:20,21316,21305,21308,7589,4,
,09:36:20,21316,21305,21307,7591,2,
,09:36:21,21316,21305,21307,7592,1,
,09:36:21,21316,21305,21307,7593,1,
,09:36:22,21316,21305,21307,7593,1,
,09:36:22,21316,21305,21306,7597,4,
,09:36:23,21316,21304,21304,7605,8,
,09:36:24,21316,21304,21305,7607,2,
,09:36:24,21316,21304,21305,7608,1,
,09:36:25,21316,21304,21305,7610,2,
,09:36:25,21316,21304,21305,7613,3,
,09:36:26,21316,21304,21307,7619,6,
,09:36:26,21316,21304,21308,7621,2,
,09:36:27,21316,21304,21307,7622,1,
,09:36:27,21316,21304,21308,7625,3,
,09:36:28,21316,21304,21307,7626,1,
,09:36:28,21316,21304,21309,7628,2,
,09:36:29,21316,21304,21311,7629,1,
,09:36:29,21316,21304,21309,7633,4,
,09:36:30,21316,21304,21309,7633,4,
,09:36:30,21316,21304,21311,7634,1,
,09:36:31,21316,21304,21311,7634,1,
,09:36:32,21316,21304,21307,7636,2,
,09:36:33,21316,21304,21306,7649,13,
,09:36:34,21316,21304,21306,7649,13,
,09:36:34,21316,21304,21305,7650,1,
,09:36:35,21316,21304,21304,7652,2,
,09:36:35,21316,21301,21301,7664,12,
,09:36:36,21316,21300,21300,7677,13,
,09:36:37,21316,21300,21301,7680,3,
,09:36:37,21316,21300,21300,7687,7,
,09:36:38,21316,21300,21302,7688,1,
,09:36:38,21316,21300,21300,7693,5,
,09:36:39,21316,21299,21299,7703,10,
,09:36:40,21316,21299,21299,7703,10,
,09:36:40,21316,21299,21302,7709,6,
,09:36:41,21316,21299,21302,7709,6,
,09:36:41,21316,21299,21303,7711,2,
,09:36:42,21316,21299,21303,7712,1,
,09:36:42,21316,21299,21303,7715,3,
,09:36:43,21316,21299,21303,7717,2,
,09:36:43,21316,21299,21303,7733,16,
,09:36:44,21316,21299,21305,7735,2,
,09:36:44,21316,21299,21307,7747,12,
,09:36:45,21316,21299,21306,7750,3,
,09:36:45,21316,21299,21304,7754,4,
,09:36:46,21316,21299,21304,7754,4,
,09:36:47,21316,21299,21303,7757,3,
,09:36:48,21316,21299,21304,7758,1,
,09:36:48,21316,21299,21305,7761,3,
,09:36:49,21316,21299,21305,7761,3,
,09:36:49,21316,21299,21304,7763,2,
,09:36:50,21316,21299,21304,7763,2,
,09:36:50,21316,21299,21304,7766,3,
,09:36:51,21316,21299,21306,7770,4,
,09:36:52,21316,21299,21306,7770,4,
,09:36:52,21316,21299,21305,7771,1,
,09:36:53,21316,21299,21305,7771,1,
,09:36:54,21316,21299,21305,7771,1,
,09:36:54,21316,21299,21307,7774,3,
,09:36:55,21316,21299,21307,7774,3,
,09:36:55,21316,21299,21307,7775,1,
,09:36:56,21316,21299,21307,7775,1,
,09:36:56,21316,21299,21306,7777,2,
,09:36:57,21316,21299,21307,7781,4,
,09:36:58,21316,21299,21307,7781,4,
,09:36:58,21316,21299,21307,7781,4,
,09:36:59,21316,21299,21308,7784,3,
,09:37:00,21308,21308,21308,7784,3,
,09:37:00,21309,21308,21309,7786,2,
,09:37:01,21310,21308,21310,7787,1,
,09:37:01,21311,21308,21311,7792,5,
,09:37:02,21311,21308,21311,7793,1,
,09:37:02,21311,21308,21310,7796,3,
,09:37:03,21311,21308,21310,7796,3,
,09:37:03,21311,21308,21310,7797,1,
,09:37:04,21311,21308,21310,7797,1,
,09:37:04,21311,21308,21309,7802,5,
,09:37:05,21311,21308,21308,7803,1,
,09:37:05,21311,21308,21308,7804,1,
,09:37:06,21311,21308,21308,7804,1,
,09:37:08,21311,21308,21308,7804,1,
,09:37:08,21311,21308,21310,7806,2,
,09:37:09,21311,21308,21310,7806,2,
,09:37:09,21311,21308,21308,7807,1,
,09:37:10,21311,21308,21308,7807,1,
,09:37:10,21311,21308,21311,7810,3,
,09:37:11,21311,21308,21311,7810,3,
,09:37:12,21311,21308,21311,7810,3,
,09:37:12,21311,21308,21309,7813,3,
,09:37:13,21311,21308,21308,7819,6,
,09:37:15,21311,21307,21307,7820,1,
,09:37:15,21311,21306,21308,7828,8,
,09:37:16,21311,21306,21308,7828,8,
,09:37:16,21311,21306,21307,7830,2,
,09:37:17,21311,21299,21299,7870,40,
,09:37:18,21311,21299,21299,7870,40,
,09:37:18,21311,21299,21301,7874,4,
,09:37:19,21311,21299,21301,7874,4,
,09:37:19,21311,21299,21304,7880,6,
,09:37:20,21311,21299,21305,7885,5,
,09:37:21,21311,21299,21305,7885,5,
,09:37:21,21311,21299,21305,7888,3,
,09:37:22,21311,21299,21304,7889,1,
,09:37:22,21311,21299,21302,7897,8,
,09:37:23,21311,21299,21302,7898,1,
,09:37:23,21311,21299,21302,7901,3,
,09:37:24,21311,21299,21302,7901,3,
,09:37:24,21311,21299,21301,7902,1,
,09:37:25,21311,21299,21300,7907,5,
,09:37:25,21311,21298,21299,7923,16,
,09:37:26,21311,21298,21299,7926,3,
,09:37:26,21311,21298,21298,7930,4,
,09:37:27,21311,21298,21298,7930,4,
,09:37:27,21311,21297,21300,7939,9,
,09:37:28,21311,21297,21298,7940,1,
,09:37:28,21311,21297,21299,7945,5,
,09:37:29,21311,21297,21299,7952,7,
,09:37:30,21311,21297,21299,7952,7,
,09:37:30,21311,21297,21299,7953,1,
,09:37:31,21311,21297,21302,7956,3,
,09:37:32,21311,21297,21301,7957,1,
,09:37:32,21311,21297,21306,7975,18,
,09:37:33,21311,21297,21306,7989,14,
,09:37:34,21311,21297,21305,7991,2,
,09:37:35,21311,21297,21304,7992,1,
,09:37:35,21311,21297,21302,7996,4,
,09:37:36,21311,21297,21302,7996,4,
,09:37:36,21311,21297,21300,8007,11,
,09:37:37,21311,21297,21299,8013,6,
,09:37:38,21311,21297,21299,8015,2,
,09:37:39,21311,21297,21299,8016,1,
,09:37:39,21311,21297,21298,8018,2,
,09:37:40,21311,21297,21298,8018,2,
,09:37:40,21311,21293,21293,8073,55,
,09:37:41,21311,21292,21292,8096,23,
,09:37:42,21311,21292,21294,8118,22,
,09:37:43,21311,21292,21296,8119,1,
,09:37:43,21311,21292,21293,8129,10,
,09:37:44,21311,21292,21296,8136,7,
,09:37:45,21311,21292,21297,8150,14,
,09:37:46,21311,21292,21296,8151,1,
,09:37:46,21311,21292,21297,8161,10,
,09:37:47,21311,21292,21296,8162,1,
,09:37:47,21311,21292,21293,8174,12,
,09:37:48,21311,21292,21294,8180,6,
,09:37:49,21311,21292,21293,8194,14,
,09:37:50,21311,21291,21292,8216,22,
,09:37:51,21311,21291,21293,8225,9,
,09:37:52,21311,21291,21293,8225,9,
,09:37:52,21311,21291,21295,8229,4,
,09:37:53,21311,21291,21295,8229,4,
,09:37:53,21311,21291,21292,8236,7,
,09:37:54,21311,21291,21292,8236,7,
,09:37:54,21311,21291,21291,8240,4,
,09:37:55,21311,21291,21291,8241,1,
,09:37:55,21311,21291,21292,8244,3,
,09:37:56,21311,21291,21293,8245,1,
,09:37:56,21311,21291,21296,8247,2,
,09:37:57,21311,21291,21294,8252,5,
,09:37:58,21311,21291,21295,8260,8,
,09:37:59,21311,21291,21291,8270,10,
,09:38:00,21291,21291,21291,8270,10,
,09:38:00,21291,21287,21287,8310,40,
,09:38:01,21291,21284,21287,8344,34,
,09:38:02,21291,21284,21287,8346,2,
,09:38:02,21291,21283,21283,8377,31,
,09:38:03,21291,21283,21283,8378,1,
,09:38:03,21291,21281,21284,8404,26,
,09:38:04,21291,21277,21280,8473,69,
,09:38:05,21291,21276,21276,8533,60,
,09:38:06,21291,21275,21277,8544,11,
,09:38:07,21291,21273,21276,8589,45,
,09:38:08,21291,21273,21273,8611,22,
,09:38:09,21291,21273,21277,8636,25,
,09:38:10,21291,21273,21279,8669,33,
,09:38:11,21291,21273,21280,8671,2,
,09:38:11,21291,21273,21276,8696,25,
,09:38:12,21291,21273,21276,8704,8,
,09:38:13,21291,21273,21276,8709,5,
,09:38:13,21291,21273,21277,8721,12,
,09:38:14,21291,21273,21279,8722,1,
,09:38:14,21291,21273,21275,8726,4,
,09:38:15,21291,21273,21275,8727,1,
,09:38:15,21291,21273,21275,8744,17,
,09:38:16,21291,21273,21275,8746,2,
,09:38:16,21291,21273,21277,8758,12,
,09:38:17,21291,21273,21276,8775,17,
,09:38:18,21291,21273,21275,8785,10,
,09:38:19,21291,21263,21266,8889,104,
,09:38:20,21291,21263,21266,8940,51,
,09:38:21,21291,21263,21267,8941,1,
,09:38:21,21291,21263,21273,8976,35,
,09:38:22,21291,21263,21274,8999,23,
,09:38:23,21291,21263,21276,9016,17,
,09:38:24,21291,21263,21276,9025,9,
,09:38:25,21291,21263,21277,9027,2,
,09:38:25,21291,21263,21279,9042,15,
,09:38:26,21291,21263,21278,9043,1,
,09:38:26,21291,21263,21278,9047,4,
,09:38:27,21291,21263,21276,9048,1,
,09:38:27,21291,21263,21276,9052,4,
,09:38:28,21291,21263,21276,9073,21,
,09:38:29,21291,21263,21276,9074,1,
,09:38:29,21291,21263,21276,9078,4,
,09:38:30,21291,21263,21274,9081,3,
,09:38:31,21291,21263,21276,9086,5,
,09:38:32,21291,21263,21276,9087,1,
,09:38:32,21291,21263,21276,9090,3,
,09:38:33,21291,21263,21276,9090,3,
,09:38:33,21291,21263,21274,9103,13,
,09:38:34,21291,21263,21273,9107,4,
,09:38:34,21291,21263,21277,9111,4,
,09:38:35,21291,21263,21277,9111,4,
,09:38:35,21291,21263,21277,9113,2,
,09:38:36,21291,21263,21277,9119,6,
,09:38:37,21291,21263,21276,9120,1,
,09:38:37,21291,21263,21276,9126,6,
,09:38:38,21291,21263,21277,9127,1,
,09:38:38,21291,21263,21277,9138,11,
,09:38:39,21291,21263,21277,9139,1,
,09:38:39,21291,21263,21277,9142,3,
,09:38:40,21291,21263,21279,9143,1,
,09:38:40,21291,21263,21279,9144,1,
,09:38:41,21291,21263,21281,9170,26,
,09:38:42,21291,21263,21282,9171,1,
,09:38:42,21291,21263,21281,9176,5,
,09:38:43,21291,21263,21281,9176,5,
,09:38:43,21291,21263,21280,9182,6,
,09:38:44,21291,21263,21281,9183,1,
,09:38:44,21291,21263,21282,9188,5,
,09:38:45,21291,21263,21282,9188,5,
,09:38:45,21291,21263,21282,9195,7,
,09:38:46,21291,21263,21285,9204,9,
,09:38:47,21291,21263,21285,9206,2,
,09:38:48,21291,21263,21285,9206,2,
,09:38:48,21291,21263,21283,9209,3,
,09:38:49,21291,21263,21281,9219,10,
,09:38:50,21291,21263,21278,9229,10,
,09:38:51,21291,21263,21276,9233,4,
,09:38:52,21291,21263,21276,9238,5,
,09:38:53,21291,21263,21276,9238,5,
,09:38:53,21291,21263,21276,9240,2,
,09:38:54,21291,21263,21276,9240,2,
,09:38:54,21291,21263,21273,9262,22,
,09:38:55,21291,21263,21274,9264,2,
,09:38:55,21291,21263,21273,9265,1,
,09:38:56,21291,21263,21275,9266,1,
,09:38:56,21291,21263,21273,9270,4,
,09:38:57,21291,21263,21273,9270,4,
,09:38:57,21291,21263,21272,9276,6,
,09:38:58,21291,21263,21277,9286,10,
,09:38:59,21291,21263,21277,9287,1,
,09:39:00,21278,21278,21278,9289,2,
,09:39:00,21279,21275,21275,9303,14,
,09:39:01,21279,21275,21275,9303,14,
,09:39:01,21279,21275,21279,9312,9,
,09:39:02,21279,21275,21279,9312,9,
,09:39:02,21281,21275,21281,9326,14,
,09:39:03,21283,21275,21281,9337,11,
,09:39:04,21283,21275,21281,9337,11,
,09:39:04,21283,21275,21281,9344,7,
,09:39:05,21283,21275,21280,9353,9,
,09:39:06,21283,21275,21280,9353,9,
,09:39:06,21283,21275,21280,9355,2,
,09:39:07,21283,21275,21279,9357,2,
,09:39:07,21283,21275,21279,9363,6,
,09:39:08,21283,21275,21277,9365,2,
,09:39:09,21283,21275,21277,9373,8,
,09:39:10,21283,21275,21276,9375,2,
,09:39:10,21283,21275,21275,9376,1,
,09:39:11,21283,21275,21277,9384,8,
,09:39:12,21283,21275,21276,9387,3,
,09:39:12,21283,21275,21279,9399,12,
,09:39:13,21283,21275,21279,9399,12,
,09:39:13,21283,21275,21281,9404,5,
,09:39:14,21287,21275,21285,9421,17,
,09:39:15,21287,21275,21285,9421,17,
,09:39:15,21287,21275,21284,9436,15,
,09:39:16,21287,21275,21284,9436,15,
,09:39:16,21287,21275,21282,9444,8,
,09:39:17,21287,21275,21282,9444,8,
,09:39:17,21287,21275,21280,9449,5,
,09:39:18,21287,21275,21280,9450,1,
,09:39:18,21287,21275,21281,9451,1,
,09:39:19,21287,21275,21281,9451,1,
,09:39:19,21287,21275,21283,9467,16,
,09:39:20,21287,21275,21284,9494,27,
,09:39:21,21287,21275,21284,9494,27,
,09:39:21,21287,21275,21283,9497,3,
,09:39:22,21287,21275,21283,9498,1,
,09:39:22,21287,21275,21283,9501,3,
,09:39:23,21287,21275,21280,9507,6,
,09:39:24,21287,21275,21281,9511,4,
,09:39:25,21287,21275,21281,9511,4,
,09:39:25,21287,21275,21283,9519,8,
,09:39:26,21287,21275,21281,9531,12,
,09:39:27,21287,21275,21281,9531,12,
,09:39:27,21287,21275,21280,9538,7,
,09:39:28,21287,21275,21279,9541,3,
,09:39:29,21287,21275,21279,9541,3,
,09:39:29,21287,21275,21279,9542,1,
,09:39:30,21287,21275,21280,9543,1,
,09:39:31,21287,21275,21280,9544,1,
,09:39:32,21287,21275,21279,9545,1,
,09:39:32,21287,21275,21280,9547,2,
,09:39:33,21287,21275,21278,9552,5,
,09:39:34,21287,21275,21278,9553,1,
,09:39:35,21287,21275,21279,9554,1,
,09:39:35,21287,21275,21278,9556,2,
,09:39:38,21287,21275,21277,9559,3,
,09:39:39,21287,21275,21277,9562,3,
,09:39:39,21287,21275,21279,9566,4,
,09:39:40,21287,21275,21279,9566,4,
,09:39:40,21287,21275,21276,9574,8,
,09:39:41,21287,21275,21276,9574,8,
,09:39:41,21287,21275,21278,9579,5,
,09:39:42,21287,21275,21278,9580,1,
,09:39:42,21287,21275,21279,9582,2,
,09:39:43,21287,21275,21280,9587,5,
,09:39:44,21287,21275,21282,9594,7,
,09:39:45,21287,21275,21282,9594,7,
,09:39:45,21287,21275,21282,9596,2,
,09:39:47,21287,21275,21282,9600,4,
,09:39:48,21287,21275,21282,9600,4,
,09:39:48,21287,21275,21281,9601,1,
,09:39:49,21287,21275,21281,9602,1,
,09:39:49,21287,21275,21282,9603,1,
,09:39:50,21287,21275,21281,9607,4,
,09:39:51,21287,21275,21281,9607,4,
,09:39:51,21287,21275,21278,9611,4,
,09:39:52,21287,21275,21278,9619,8,
,09:39:52,21287,21275,21279,9620,1,
,09:39:53,21287,21275,21279,9620,1,
,09:39:54,21287,21275,21278,9621,1,
,09:39:54,21287,21275,21278,9622,1,
,09:39:55,21287,21275,21278,9623,1,
,09:39:56,21287,21275,21280,9634,11,
,09:39:57,21287,21275,21280,9634,11,
,09:39:58,21287,21275,21281,9635,1,
,09:39:58,21287,21275,21280,9638,3,
,09:39:59,21287,21275,21280,9639,1,
,09:39:59,21287,21275,21282,9642,3,
,09:40:00,21282,21282,21282,9643,1,
,09:40:00,21283,21281,21282,9663,20,
,09:40:01,21283,21281,21282,9663,20,
,09:40:01,21283,21281,21282,9666,3,
,09:40:02,21284,21281,21284,9667,1,
,09:40:02,21284,21281,21283,9669,2,
,09:40:03,21286,21281,21286,9689,20,
,09:40:04,21286,21281,21286,9690,1,
,09:40:04,21287,21281,21287,9708,18,
,09:40:05,21287,21281,21287,9711,3,
,09:40:05,21291,21281,21291,9737,26,
,09:40:06,21294,21281,21294,9761,24,
,09:40:07,21294,21281,21291,9766,5,
,09:40:07,21304,21281,21303,9859,93,
,09:40:08,21304,21281,21303,9929,70,
,09:40:09,21304,21281,21303,9958,29,
,09:40:10,21304,21281,21302,9959,1,
,09:40:10,21304,21281,21298,9987,28,
,09:40:11,21304,21281,21298,10009,22,
,09:40:12,21304,21281,21296,10032,23,
,09:40:13,21304,21281,21295,10033,1,
,09:40:13,21304,21281,21294,10036,3,
,09:40:14,21304,21281,21294,10041,5,
,09:40:15,21304,21281,21290,10056,15,
,09:40:16,21304,21281,21290,10056,15,
,09:40:16,21304,21281,21293,10066,10,
,09:40:17,21304,21281,21295,10077,11,
,09:40:18,21304,21281,21296,10082,5,
,09:40:19,21304,21281,21294,10089,7,
,09:40:20,21304,21281,21289,10107,18,
,09:40:21,21304,21281,21289,10107,18,
,09:40:21,21304,21281,21291,10112,5,
,09:40:22,21304,21281,21291,10121,9,
,09:40:23,21304,21281,21293,10122,1,
,09:40:23,21304,21281,21295,10131,9,
,09:40:24,21304,21281,21294,10133,2,
,09:40:24,21304,21281,21295,10141,8,
,09:40:25,21304,21281,21296,10147,6,
,09:40:26,21304,21281,21296,10148,1,
,09:40:26,21304,21281,21298,10152,4,
,09:40:27,21304,21281,21296,10159,7,
,09:40:28,21304,21281,21296,10160,1,
,09:40:28,21304,21281,21300,10167,7,
,09:40:29,21304,21281,21299,10173,6,
,09:40:29,21304,21281,21297,10181,8,
,09:40:30,21304,21281,21298,10190,9,
,09:40:31,21304,21281,21298,10190,9,
,09:40:31,21304,21281,21299,10192,2,
,09:40:32,21304,21281,21299,10192,2,
,09:40:33,21304,21281,21298,10193,1,
,09:40:33,21304,21281,21299,10198,5,
,09:40:34,21304,21281,21299,10199,1,
,09:40:34,21304,21281,21298,10204,5,
,09:40:35,21304,21281,21298,10204,5,
,09:40:35,21304,21281,21298,10207,3,
,09:40:36,21304,21281,21299,10213,6,
,09:40:37,21304,21281,21297,10220,7,
,09:40:38,21304,21281,21299,10221,1,
,09:40:38,21304,21281,21299,10222,1,
,09:40:39,21304,21281,21298,10223,1,
,09:40:39,21304,21281,21298,10224,1,
,09:40:40,21304,21281,21298,10224,1,
,09:40:40,21304,21281,21298,10226,2,
,09:40:41,21304,21281,21298,10226,2,
,09:40:41,21304,21281,21298,10226,2,
,09:40:42,21304,21281,21298,10227,1,
,09:40:43,21304,21281,21299,10234,7,
,09:40:44,21304,21281,21299,10234,7,
,09:40:44,21304,21281,21298,10241,7,
,09:40:45,21304,21281,21298,10243,2,
,09:40:45,21304,21281,21298,10249,6,
,09:40:46,21304,21281,21298,10249,6,
,09:40:46,21304,21281,21298,10254,5,
,09:40:47,21304,21281,21298,10254,5,
,09:40:47,21304,21281,21296,10262,8,
,09:40:48,21304,21281,21296,10263,1,
,09:40:48,21304,21281,21295,10264,1,
,09:40:49,21304,21281,21295,10264,1,
,09:40:49,21304,21281,21296,10267,3,
,09:40:50,21304,21281,21296,10267,3,
,09:40:51,21304,21281,21296,10273,6,
,09:40:52,21304,21281,21295,10276,3,
,09:40:53,21304,21281,21295,10276,3,
,09:40:53,21304,21281,21295,10279,3,
,09:40:54,21304,21281,21297,10283,4,
,09:40:55,21304,21281,21295,10285,2,
,09:40:56,21304,21281,21295,10285,2,
,09:40:56,21304,21281,21294,10290,5,
,09:40:57,21304,21281,21293,10291,1,
,09:40:57,21304,21281,21294,10293,2,
,09:40:58,21304,21281,21294,10293,2,
,09:40:58,21304,21281,21294,10294,1,
,09:40:59,21304,21281,21295,10296,2,
,09:40:59,21304,21281,21291,10300,4,
,09:41:00,21291,21291,21291,10301,1,
,09:41:00,21293,21291,21293,10306,5,
,09:41:01,21294,21291,21294,10308,2,
,09:41:02,21294,21291,21294,10309,1,
,09:41:02,21295,21291,21294,10318,9,
,09:41:03,21295,21291,21294,10322,4,
,09:41:04,21295,21291,21294,10322,4,
,09:41:04,21296,21291,21296,10325,3,
,09:41:05,21297,21291,21295,10327,2,
,09:41:07,21297,21291,21297,10329,2,
,09:41:07,21298,21291,21296,10335,6,
,09:41:08,21298,21291,21296,10337,2,
,09:41:09,21298,21291,21295,10341,4,
,09:41:09,21298,21291,21295,10344,3,
,09:41:10,21298,21291,21295,10344,3,
,09:41:11,21298,21291,21295,10344,3,
,09:41:11,21298,21291,21291,10347,3,
,09:41:12,21298,21291,21291,10348,1,
,09:41:12,21298,21290,21290,10349,1,
,09:41:13,21298,21289,21289,10353,4,
,09:41:14,21298,21289,21289,10362,9,
,09:41:15,21298,21289,21291,10363,1,
,09:41:15,21298,21289,21290,10372,9,
,09:41:16,21298,21289,21292,10374,2,
,09:41:17,21298,21289,21291,10375,1,
,09:41:17,21298,21288,21288,10386,11,
,09:41:18,21298,21288,21289,10391,5,
,09:41:19,21298,21288,21288,10393,2,
,09:41:19,21298,21287,21287,10397,4,
,09:41:20,21298,21286,21286,10400,3,
,09:41:21,21298,21286,21286,10401,1,
,09:41:21,21298,21285,21287,10407,6,
,09:41:22,21298,21285,21288,10408,1,
,09:41:22,21298,21285,21288,10408,1,
,09:41:23,21298,21285,21290,10416,8,
,09:41:24,21298,21285,21291,10426,10,
,09:41:25,21298,21285,21290,10427,1,
,09:41:25,21298,21285,21291,10431,4,
,09:41:26,21298,21285,21291,10432,1,
,09:41:26,21298,21285,21290,10435,3,
,09:41:27,21298,21285,21292,10436,1,
,09:41:27,21298,21285,21293,10438,2,
,09:41:28,21298,21285,21293,10438,2,
,09:41:28,21298,21285,21293,10439,1,
,09:41:29,21298,21285,21293,10439,1,
,09:41:29,21298,21285,21294,10440,1,
,09:41:30,21298,21285,21294,10440,1,
,09:41:30,21298,21285,21295,10442,2,
,09:41:31,21298,21285,21295,10442,2,
,09:41:31,21298,21285,21293,10447,5,
,09:41:32,21298,21285,21294,10448,1,
,09:41:33,21298,21285,21294,10448,1,
,09:41:33,21298,21285,21295,10450,2,
,09:41:34,21298,21285,21295,10450,2,
,09:41:35,21298,21285,21295,10450,2,
,09:41:35,21298,21285,21296,10453,3,
,09:41:37,21298,21285,21295,10454,1,
,09:41:37,21298,21285,21293,10463,9,
,09:41:38,21298,21285,21291,10467,4,
,09:41:39,21298,21285,21291,10468,1,
,09:41:39,21298,21285,21292,10469,1,
,09:41:40,21298,21285,21293,10470,1,
,09:41:40,21298,21285,21291,10472,2,
,09:41:41,21298,21285,21290,10473,1,
,09:41:42,21298,21285,21293,10475,2,
,09:41:43,21298,21285,21293,10475,2,
,09:41:44,21298,21285,21292,10476,1,
,09:41:44,21298,21285,21292,10478,2,
,09:41:45,21298,21285,21293,10479,1,
,09:41:46,21298,21285,21293,10480,1,
,09:41:46,21298,21285,21292,10481,1,
,09:41:47,21298,21285,21293,10482,1,
,09:41:48,21298,21285,21293,10482,1,
,09:41:48,21298,21285,21292,10483,1,
,09:41:49,21298,21285,21292,10483,1,
,09:41:50,21298,21285,21291,10484,1,
,09:41:50,21298,21285,21292,10488,4,
,09:41:51,21298,21285,21289,10498,10,
,09:41:52,21298,21285,21289,10498,10,
,09:41:53,21298,21285,21290,10499,1,
,09:41:53,21298,21285,21289,10504,5,
,09:41:54,21298,21285,21289,10504,5,
,09:41:54,21298,21285,21290,10510,6,
,09:41:55,21298,21285,21290,10511,1,
,09:41:56,21298,21285,21291,10522,11,
,09:41:57,21298,21285,21291,10522,11,
,09:41:58,21298,21285,21291,10522,11,
,09:41:58,21298,21285,21294,10536,14,
,09:41:59,21298,21285,21295,10541,5,
,09:41:59,21298,21285,21297,10549,8,
,09:42:00,21297,21297,21297,10549,8,
,09:42:00,21297,21294,21295,10559,10,
,09:42:01,21297,21293,21293,10564,5,
,09:42:02,21297,21293,21294,10565,1,
,09:42:03,21297,21293,21295,10566,1,
,09:42:03,21297,21293,21296,10571,5,
,09:42:04,21297,21293,21297,10577,6,
,09:42:05,21297,21293,21295,10580,3,
,09:42:06,21297,21293,21295,10580,3,
,09:42:06,21297,21293,21295,10582,2,
,09:42:07,21297,21293,21297,10584,2,
,09:42:07,21297,21293,21297,10587,3,
,09:42:08,21298,21293,21298,10589,2,
,09:42:08,21300,21293,21300,10614,25,
,09:42:09,21301,21293,21301,10615,1,
,09:42:09,21301,21293,21301,10621,6,
,09:42:10,21302,21293,21298,10645,24,
,09:42:11,21302,21293,21298,10646,1,
,09:42:11,21302,21293,21299,10651,5,
,09:42:12,21302,21293,21296,10695,44,
,09:42:13,21302,21293,21297,10699,4,
,09:42:14,21302,21293,21300,10713,14,
,09:42:15,21302,21293,21301,10716,3,
,09:42:15,21302,21293,21301,10727,11,
,09:42:16,21302,21293,21300,10728,1,
,09:42:16,21302,21293,21299,10736,8,
,09:42:17,21302,21293,21299,10737,1,
,09:42:17,21302,21293,21297,10740,3,
,09:42:18,21302,21293,21298,10741,1,
,09:42:18,21302,21293,21295,10748,7,
,09:42:19,21302,21293,21295,10748,7,
,09:42:20,21302,21293,21296,10750,2,
,09:42:20,21302,21293,21295,10753,3,
,09:42:21,21302,21293,21295,10753,3,
,09:42:21,21302,21293,21296,10756,3,
,09:42:22,21302,21293,21296,10758,2,
,09:42:22,21302,21293,21295,10759,1,
,09:42:23,21302,21293,21294,10760,1,
,09:42:23,21302,21293,21293,10761,1,
,09:42:24,21302,21293,21293,10762,1,
,09:42:24,21302,21293,21294,10764,2,
,09:42:25,21302,21293,21294,10765,1,
,09:42:26,21302,21293,21294,10765,1,
,09:42:27,21302,21293,21295,10768,3,
,09:42:28,21302,21293,21295,10768,3,
,09:42:29,21302,21293,21294,10771,3,
,09:42:30,21302,21293,21295,10772,1,
,09:42:31,21302,21293,21295,10772,1,
,09:42:31,21302,21293,21296,10773,1,
,09:42:32,21302,21293,21296,10777,4,
,09:42:33,21302,21293,21296,10778,1,
,09:42:35,21302,21293,21296,10778,1,
,09:42:36,21302,21293,21295,10779,1,
,09:42:36,21302,21293,21296,10780,1,
,09:42:37,21302,21293,21298,10782,2,
,09:42:37,21302,21293,21298,10783,1,
,09:42:38,21302,21293,21298,10783,1,
,09:42:38,21302,21293,21298,10784,1,
,09:42:39,21302,21293,21298,10784,1,
,09:42:39,21302,21293,21298,10786,2,
,09:42:40,21302,21293,21297,10789,3,
,09:42:41,21302,21293,21297,10789,3,
,09:42:41,21302,21293,21296,10790,1,
,09:42:42,21302,21293,21296,10790,1,
,09:42:42,21302,21293,21295,10791,1,
,09:42:44,21302,21293,21295,10791,1,
,09:42:44,21302,21292,21292,10797,6,
,09:42:45,21302,21289,21290,10811,14,
,09:42:46,21302,21289,21291,10812,1,
,09:42:46,21302,21289,21290,10818,6,
,09:42:47,21302,21289,21289,10823,5,
,09:42:48,21302,21289,21289,10823,5,
,09:42:48,21302,21289,21292,10832,9,
,09:42:49,21302,21289,21292,10833,1,
,09:42:49,21302,21289,21293,10834,1,
,09:42:50,21302,21289,21293,10834,1,
,09:42:50,21302,21289,21292,10835,1,
,09:42:52,21302,21289,21294,10836,1,
,09:42:53,21302,21289,21294,10837,1,
,09:42:53,21302,21289,21295,10838,1,
,09:42:54,21302,21289,21295,10838,1,
,09:42:55,21302,21289,21295,10838,1,
,09:42:56,21302,21289,21296,10839,1,
,09:42:56,21302,21289,21298,10844,5,
,09:42:57,21302,21289,21298,10844,5,
,09:42:57,21302,21289,21300,10871,27,
,09:42:58,21302,21289,21300,10871,27,
,09:42:58,21302,21289,21300,10874,3,
,09:42:59,21302,21289,21299,10875,1,
,09:42:59,21302,21289,21297,10884,9,
,09:43:00,21299,21299,21299,10885,1,
,09:43:00,21299,21295,21295,10898,13,
,09:43:01,21299,21294,21294,10900,2,
,09:43:01,21299,21292,21293,10910,10,
,09:43:02,21299,21292,21293,10910,10,
,09:43:02,21299,21292,21295,10914,4,
,09:43:03,21299,21292,21295,10914,4,
,09:43:03,21299,21292,21296,10916,2,
,09:43:04,21299,21292,21296,10916,2,
,09:43:05,21299,21292,21298,10921,5,
,09:43:06,21299,21292,21296,10922,1,
,09:43:07,21299,21292,21296,10922,1,
,09:43:07,21299,21292,21295,10925,3,
,09:43:08,21299,21292,21295,10925,3,
,09:43:08,21299,21292,21296,10928,3,
,09:43:09,21299,21292,21296,10928,3,
,09:43:09,21299,21292,21296,10929,1,
,09:43:10,21299,21292,21297,10930,1,
,09:43:10,21299,21292,21296,10934,4,
,09:43:11,21299,21292,21296,10934,4,
,09:43:11,21299,21292,21296,10936,2,
,09:43:13,21299,21292,21296,10937,1,
,09:43:13,21299,21292,21295,10950,13,
,09:43:14,21299,21292,21295,10950,13,
,09:43:15,21299,21292,21296,10953,3,
,09:43:16,21299,21292,21296,10954,1,
,09:43:17,21299,21292,21296,10954,1,
,09:43:17,21299,21292,21295,10956,2,
,09:43:18,21299,21292,21295,10956,2,
,09:43:18,21299,21292,21297,10958,2,
,09:43:19,21299,21292,21298,10959,1,
,09:43:20,21299,21292,21296,10960,1,
,09:43:20,21299,21292,21298,10964,4,
,09:43:21,21299,21292,21299,10965,1,
,09:43:23,21299,21292,21298,10966,1,
,09:43:24,21299,21292,21298,10966,1,
,09:43:24,21299,21292,21297,10969,3,
,09:43:25,21299,21292,21297,10969,3,
,09:43:27,21299,21292,21297,10970,1,
,09:43:27,21299,21292,21297,10977,7,
,09:43:29,21299,21292,21297,10977,7,
,09:43:30,21299,21292,21297,10978,1,
,09:43:30,21299,21292,21298,10979,1,
,09:43:31,21299,21292,21298,10980,1,
,09:43:31,21300,21292,21300,10988,8,
,09:43:32,21300,21292,21300,10988,8,
,09:43:32,21300,21292,21299,10989,1,
,09:43:33,21300,21292,21298,10996,7,
,09:43:34,21300,21292,21298,10996,7,
,09:43:34,21300,21292,21299,10999,3,
,09:43:35,21300,21292,21299,11001,2,
,09:43:35,21300,21292,21300,11002,1,
,09:43:36,21300,21292,21300,11007,5,
,09:43:37,21300,21292,21300,11008,1,
,09:43:38,21300,21292,21299,11011,3,
,09:43:39,21300,21292,21299,11011,3,
,09:43:39,21300,21292,21299,11013,2,
,09:43:40,21300,21292,21300,11017,4,
,09:43:41,21300,21292,21297,11027,10,
,09:43:42,21300,21292,21297,11027,10,
,09:43:43,21300,21292,21297,11027,10,
,09:43:44,21300,21292,21297,11027,10,
,09:43:45,21300,21292,21299,11035,8,
,09:43:46,21300,21292,21299,11036,1,
,09:43:46,21300,21292,21298,11041,5,
,09:43:47,21300,21292,21298,11041,5,
,09:43:47,21300,21292,21298,11042,1,
,09:43:48,21300,21292,21298,11042,1,
,09:43:48,21300,21292,21295,11049,7,
,09:43:49,21300,21292,21295,11052,3,
,09:43:49,21300,21291,21291,11066,14,
,09:43:50,21300,21291,21291,11066,14,
,09:43:50,21300,21290,21290,11068,2,
,09:43:51,21300,21290,21290,11069,1,
,09:43:51,21300,21290,21291,11070,1,
,09:43:52,21300,21290,21292,11080,10,
,09:43:53,21300,21290,21292,11080,10,
,09:43:53,21300,21290,21293,11081,1,
,09:43:54,21300,21290,21293,11081,1,
,09:43:54,21300,21290,21292,11084,3,
,09:43:55,21300,21290,21295,11089,5,
,09:43:56,21300,21290,21295,11090,1,
,09:43:57,21300,21290,21295,11090,1,
,09:43:57,21300,21290,21296,11092,2,
,09:43:58,21300,21290,21295,11093,1,
,09:43:58,21300,21290,21296,11096,3,
,09:43:59,21300,21290,21296,11096,3,
,09:44:00,21295,21295,21295,11097,1,
,09:44:00,21297,21295,21297,11099,2,
,09:44:01,21297,21295,21296,11100,1,
,09:44:02,21297,21295,21297,11101,1,
,09:44:02,21297,21295,21295,11103,2,
,09:44:03,21297,21295,21295,11103,2,
,09:44:03,21297,21293,21293,11108,5,
,09:44:04,21297,21293,21293,11111,3,
,09:44:05,21297,21293,21293,11111,3,
,09:44:06,21297,21292,21292,11112,1,
,09:44:07,21297,21292,21292,11113,1,
,09:44:08,21297,21291,21291,11114,1,
,09:44:08,21297,21291,21292,11117,3,
,09:44:09,21297,21290,21290,11127,10,
,09:44:10,21297,21288,21288,11132,5,
,09:44:11,21297,21287,21287,11133,1,
,09:44:11,21297,21286,21286,11139,6,
,09:44:12,21297,21286,21287,11141,2,
,09:44:12,21297,21286,21289,11146,5,
,09:44:13,21297,21286,21289,11147,1,
,09:44:13,21297,21286,21289,11148,1,
,09:44:14,21297,21286,21290,11155,7,
,09:44:15,21297,21286,21291,11156,1,
,09:44:15,21297,21286,21293,11165,9,
,09:44:16,21297,21286,21294,11168,3,
,09:44:17,21297,21286,21293,11169,1,
,09:44:17,21297,21286,21294,11170,1,
,09:44:18,21297,21286,21293,11171,1,
,09:44:18,21297,21286,21293,11171,1,
,09:44:19,21297,21286,21292,11173,2,
,09:44:20,21297,21286,21294,11175,2,
,09:44:20,21297,21286,21293,11176,1,
,09:44:21,21297,21286,21293,11177,1,
,09:44:22,21297,21286,21293,11178,1,
,09:44:23,21297,21286,21291,11184,6,
,09:44:24,21297,21286,21290,11185,1,
,09:44:24,21297,21286,21289,11187,2,
,09:44:25,21297,21286,21287,11194,7,
,09:44:25,21297,21286,21286,11195,1,
,09:44:26,21297,21286,21286,11195,1,
,09:44:26,21297,21286,21288,11208,13,
,09:44:27,21297,21286,21290,11209,1,
,09:44:27,21297,21286,21290,11210,1,
,09:44:28,21297,21286,21291,11211,1,
,09:44:29,21297,21286,21294,11213,2,
,09:44:30,21297,21286,21294,11213,2,
,09:44:30,21297,21286,21292,11214,1,
,09:44:31,21297,21286,21291,11217,3,
,09:44:32,21297,21286,21288,11225,8,
,09:44:33,21297,21286,21288,11225,8,
,09:44:33,21297,21286,21290,11227,2,
,09:44:34,21297,21286,21290,11227,2,
,09:44:34,21297,21286,21293,11236,9,
,09:44:35,21297,21286,21293,11236,9,
,09:44:35,21297,21286,21294,11237,1,
,09:44:36,21297,21286,21293,11239,2,
,09:44:37,21297,21286,21293,11241,2,
,09:44:37,21297,21286,21291,11248,7,
,09:44:38,21297,21286,21291,11248,7,
,09:44:38,21297,21286,21291,11250,2,
,09:44:39,21297,21286,21291,11250,2,
,09:44:39,21297,21286,21292,11252,2,
,09:44:40,21297,21286,21292,11252,2,
,09:44:41,21297,21286,21292,11252,2,
,09:44:41,21297,21286,21291,11254,2,
,09:44:43,21297,21286,21291,11256,2,
,09:44:44,21297,21286,21291,11256,2,
,09:44:45,21297,21286,21291,11257,1,
,09:44:45,21297,21286,21289,11266,9,
,09:44:46,21297,21286,21288,11270,4,
,09:44:47,21297,21286,21289,11271,1,
,09:44:48,21297,21286,21287,11272,1,
,09:44:49,21297,21286,21287,11272,1,
,09:44:49,21297,21286,21287,11273,1,
,09:44:50,21297,21286,21288,11274,1,
,09:44:51,21297,21286,21288,11274,1,
,09:44:51,21297,21286,21287,11275,1,
,09:44:52,21297,21286,21289,11276,1,
,09:44:52,21297,21286,21287,11278,2,
,09:44:53,21297,21286,21287,11278,2,
,09:44:53,21297,21286,21288,11280,2,
,09:44:54,21297,21286,21288,11280,2,
,09:44:54,21297,21286,21288,11281,1,
,09:44:55,21297,21286,21288,11284,3,
,09:44:56,21297,21286,21288,11284,3,
,09:44:56,21297,21286,21290,11294,10,
,09:44:57,21297,21286,21287,11311,17,
,09:44:58,21297,21286,21287,11311,17,
,09:44:58,21297,21285,21285,11323,12,
,09:44:59,21297,21285,21285,11323,12,
,09:45:00,21285,21285,21285,11324,1,
,09:45:00,21285,21282,21284,11355,31,
,09:45:01,21285,21282,21284,11355,31,
,09:45:01,21286,21281,21281,11381,26,
,09:45:02,21286,21277,21279,11424,43,
,09:45:03,21286,21276,21278,11455,31,
,09:45:04,21286,21276,21278,11479,24,
,09:45:05,21286,21276,21278,11480,1,
,09:45:05,21286,21275,21275,11496,16,
,09:45:06,21286,21275,21275,11497,1,
,09:45:06,21286,21275,21277,11515,18,
,09:45:07,21286,21275,21276,11520,5,
,09:45:07,21286,21275,21279,11525,5,
,09:45:08,21286,21275,21278,11526,1,
,09:45:08,21286,21275,21279,11534,8,
,09:45:09,21286,21275,21280,11535,1,
,09:45:09,21286,21275,21280,11543,8,
,09:45:10,21286,21275,21281,11553,10,
,09:45:11,21286,21275,21281,11553,10,
,09:45:11,21286,21275,21282,11556,3,
,09:45:12,21286,21275,21282,11556,3,
,09:45:12,21286,21275,21282,11563,7,
,09:45:13,21286,21275,21282,11563,7,
,09:45:13,21286,21275,21279,11570,7,
,09:45:14,21286,21275,21279,11580,10,
,09:45:15,21286,21275,21279,11580,10,
,09:45:15,21286,21275,21279,11583,3,
,09:45:16,21286,21275,21277,11594,11,
,09:45:17,21286,21275,21277,11594,11,
,09:45:17,21286,21272,21274,11669,75,
,09:45:18,21286,21272,21274,11679,10,
,09:45:19,21286,21272,21273,11680,1,
,09:45:19,21286,21272,21275,11683,3,
,09:45:20,21286,21272,21274,11684,1,
,09:45:20,21286,21272,21275,11691,7,
,09:45:21,21286,21272,21277,11692,1,
,09:45:21,21286,21272,21279,11702,10,
,09:45:22,21286,21272,21278,11719,17,
,09:45:23,21286,21272,21278,11725,6,
,09:45:24,21286,21272,21279,11726,1,
,09:45:24,21286,21272,21276,11730,4,
,09:45:25,21286,21272,21275,11737,7,
,09:45:26,21286,21272,21275,11737,7,
,09:45:26,21286,21272,21277,11744,7,
,09:45:27,21286,21272,21277,11744,7,
,09:45:27,21286,21272,21275,11748,4,
,09:45:28,21286,21272,21275,11749,1,
,09:45:28,21286,21272,21273,11755,6,
,09:45:29,21286,21272,21273,11755,6,
,09:45:29,21286,21272,21272,11757,2,
,09:45:30,21286,21272,21273,11758,1,
,09:45:30,21286,21272,21275,11761,3,
,09:45:31,21286,21272,21276,11762,1,
,09:45:31,21286,21272,21276,11764,2,
,09:45:32,21286,21272,21277,11766,2,
,09:45:33,21286,21272,21279,11779,13,
,09:45:34,21286,21272,21280,11780,1,
,09:45:34,21286,21272,21280,11781,1,
,09:45:35,21286,21272,21279,11782,1,
,09:45:35,21286,21272,21279,11784,2,
,09:45:36,21286,21272,21279,11786,2,
,09:45:36,21286,21272,21278,11789,3,
,09:45:37,21286,21272,21280,11790,1,
,09:45:37,21286,21272,21280,11792,2,
,09:45:38,21286,21272,21280,11793,1,
,09:45:38,21286,21272,21279,11796,3,
,09:45:39,21286,21272,21279,11796,3,
,09:45:39,21286,21272,21279,11806,10,
