,09:14:00,8872,8872,8872,154,154,
,09:15:00,8888,8888,8888,156,2,
,09:15:00,8888,8874,8882,174,18,
,09:15:01,8888,8874,8883,176,2,
,09:15:01,8888,8874,8880,181,5,
,09:15:02,8888,8874,8878,182,1,
,09:15:02,8888,8874,8877,183,1,
,09:15:03,8888,8874,8877,189,6,
,09:15:03,8888,8874,8879,190,1,
,09:15:04,8888,8874,8880,191,1,
,09:15:04,8888,8874,8880,198,7,
,09:15:05,8888,8874,8881,205,7,
,09:15:05,8888,8874,8881,208,3,
,09:15:06,8888,8874,8885,240,32,
,09:15:07,8888,8874,8885,241,1,
,09:15:07,8888,8874,8886,250,9,
,09:15:08,8888,8874,8886,314,64,
,09:15:08,8888,8874,8886,316,2,
,09:15:09,8888,8874,8886,316,2,
,09:15:10,8888,8874,8886,316,2,
,09:15:10,8888,8874,8884,317,1,
,09:15:11,8888,8874,8885,335,18,
,09:15:12,8888,8874,8884,339,4,
,09:15:13,8888,8874,8884,339,4,
,09:15:13,8888,8874,8885,344,5,
,09:15:14,8888,8874,8885,345,1,
,09:15:14,8888,8874,8885,348,3,
,09:15:16,8888,8874,8884,349,1,
,09:15:16,8890,8874,8890,376,27,
,09:15:17,8890,8874,8890,376,27,
,09:15:17,8892,8874,8892,382,6,
,09:15:18,8892,8874,8892,382,6,
,09:15:18,8892,8874,8892,384,2,
,09:15:19,8892,8874,8892,384,2,
,09:15:19,8892,8874,8892,385,1,
,09:15:20,8892,8874,8892,386,1,
,09:15:21,8892,8874,8892,386,1,
,09:15:22,8892,8874,8892,387,1,
,09:15:22,8894,8874,8894,394,7,
,09:15:23,8894,8874,8894,395,1,
,09:15:23,8894,8874,8894,395,1,
,09:15:24,8894,8874,8894,395,1,
,09:15:25,8894,8874,8894,395,1,
,09:15:26,8894,8874,8893,406,11,
,09:15:27,8894,8874,8893,407,1,
,09:15:27,8894,8874,8894,409,2,
,09:15:28,8894,8874,8894,409,2,
,09:15:28,8894,8874,8894,412,3,
,09:15:29,8894,8874,8894,413,1,
,09:15:30,8894,8874,8894,413,1,
,09:15:30,8894,8874,8894,427,14,
,09:15:31,8894,8874,8894,427,14,
,09:15:32,8894,8874,8894,436,9,
,09:15:33,8894,8874,8894,436,9,
,09:15:33,8895,8874,8895,469,33,
,09:15:34,8895,8874,8895,469,33,
,09:15:34,8895,8874,8895,472,3,
,09:15:35,8895,8874,8895,474,2,
,09:15:35,8895,8874,8895,482,8,
,09:15:36,8895,8874,8895,482,8,
,09:15:36,8895,8874,8895,490,8,
,09:15:37,8895,8874,8895,490,8,
,09:15:37,8895,8874,8894,495,5,
,09:15:38,8895,8874,8894,495,5,
,09:15:39,8895,8874,8894,495,5,
,09:15:40,8895,8874,8894,495,5,
,09:15:41,8895,8874,8894,495,5,
,09:15:41,8895,8874,8895,502,7,
,09:15:42,8895,8874,8895,502,7,
,09:15:43,8896,8874,8896,507,5,
,09:15:43,8896,8874,8896,516,9,
,09:15:44,8896,8874,8896,516,9,
,09:15:44,8896,8874,8896,519,3,
,09:15:45,8896,8874,8896,519,3,
,09:15:45,8897,8874,8897,520,1,
,09:15:46,8897,8874,8897,520,1,
,09:15:46,8898,8874,8898,546,26,
,09:15:47,8899,8874,8899,549,3,
,09:15:48,8899,8874,8899,549,3,
,09:15:49,8899,8874,8899,549,3,
,09:15:49,8899,8874,8899,549,3,
,09:15:50,8899,8874,8899,549,3,
,09:15:51,8899,8874,8899,549,3,
,09:15:52,8899,8874,8899,549,3,
,09:15:52,8900,8874,8900,550,1,
,09:15:53,8900,8874,8899,551,1,
,09:15:54,8900,8874,8899,551,1,
,09:15:54,8901,8874,8901,561,10,
,09:15:55,8901,8874,8901,561,10,
,09:15:56,8902,8874,8902,565,4,
,09:15:56,8903,8874,8901,568,3,
,09:15:57,8903,8874,8901,568,3,
,09:15:57,8903,8874,8901,571,3,
,09:15:58,8903,8874,8901,571,3,
,09:15:58,8903,8874,8903,574,3,
,09:15:59,8903,8874,8903,574,3,
,09:15:59,8903,8874,8903,575,1,
,09:16:00,8903,8903,8903,575,1,
,09:16:00,8904,8903,8904,579,4,
,09:16:01,8904,8903,8904,579,4,
,09:16:01,8906,8903,8905,599,20,
,09:16:02,8906,8903,8905,600,1,
,09:16:02,8907,8903,8906,608,8,
,09:16:03,8907,8903,8906,608,8,
,09:16:03,8907,8903,8905,629,21,
,09:16:04,8907,8903,8904,630,1,
,09:16:04,8907,8903,8903,638,8,
,09:16:05,8907,8903,8903,638,8,
,09:16:05,8907,8901,8901,644,6,
,09:16:06,8907,8899,8900,659,15,
,09:16:07,8907,8899,8900,659,15,
,09:16:07,8907,8899,8900,662,3,
,09:16:08,8907,8899,8900,662,3,
,09:16:08,8907,8899,8900,665,3,
,09:16:09,8907,8899,8900,665,3,
,09:16:09,8907,8899,8899,666,1,
,09:16:10,8907,8899,8899,666,1,
,09:16:10,8907,8899,8899,668,2,
,09:16:11,8907,8899,8899,668,2,
,09:16:11,8907,8898,8898,669,1,
,09:16:12,8907,8898,8898,670,1,
,09:16:12,8907,8898,8898,674,4,
,09:16:13,8907,8898,8899,680,6,
,09:16:14,8907,8898,8898,681,1,
,09:16:15,8907,8898,8898,685,4,
,09:16:16,8907,8898,8898,685,4,
,09:16:17,8907,8898,8898,686,1,
,09:16:18,8907,8898,8901,747,61,
,09:16:19,8907,8898,8902,752,5,
,09:16:20,8907,8898,8902,752,5,
,09:16:21,8907,8898,8904,755,3,
,09:16:22,8907,8898,8905,756,1,
,09:16:22,8907,8898,8905,757,1,
,09:16:23,8907,8898,8905,757,1,
,09:16:23,8907,8898,8906,764,7,
,09:16:24,8907,8898,8906,764,7,
,09:16:24,8907,8898,8907,765,1,
,09:16:25,8907,8898,8907,765,1,
,09:16:25,8907,8898,8907,765,1,
,09:16:27,8907,8898,8905,777,12,
,09:16:28,8907,8898,8905,777,12,
,09:16:28,8907,8898,8904,780,3,
,09:16:29,8907,8898,8904,780,3,
,09:16:29,8907,8898,8904,800,20,
,09:16:30,8907,8898,8904,800,20,
,09:16:30,8907,8898,8904,801,1,
,09:16:31,8907,8898,8904,801,1,
,09:16:31,8907,8898,8906,813,12,
,09:16:32,8907,8898,8906,813,12,
,09:16:32,8908,8898,8908,819,6,
,09:16:33,8908,8898,8908,821,2,
,09:16:33,8909,8898,8908,828,7,
,09:16:34,8909,8898,8904,851,23,
,09:16:35,8909,8898,8902,853,2,
,09:16:35,8909,8898,8904,855,2,
,09:16:36,8909,8898,8904,855,2,
,09:16:36,8909,8898,8904,856,1,
,09:16:38,8909,8898,8904,856,1,
,09:16:38,8909,8898,8903,857,1,
,09:16:39,8909,8898,8905,858,1,
,09:16:39,8909,8898,8905,858,1,
,09:16:40,8909,8898,8905,858,1,
,09:16:41,8909,8898,8903,859,1,
,09:16:41,8909,8898,8903,861,2,
,09:16:42,8909,8898,8903,861,2,
,09:16:42,8909,8898,8904,863,2,
,09:16:43,8909,8898,8904,863,2,
,09:16:43,8909,8898,8902,884,21,
,09:16:44,8909,8898,8904,886,2,
,09:16:45,8909,8898,8904,886,2,
,09:16:47,8909,8898,8902,888,2,
,09:16:47,8909,8898,8902,888,2,
,09:16:48,8909,8898,8904,889,1,
,09:16:49,8909,8898,8904,889,1,
,09:16:50,8909,8898,8903,890,1,
,09:16:50,8909,8898,8903,890,1,
,09:16:51,8909,8898,8903,890,1,
,09:16:52,8909,8898,8903,890,1,
,09:16:52,8909,8898,8904,907,17,
,09:16:53,8909,8898,8905,909,2,
,09:16:54,8909,8898,8906,911,2,
,09:16:55,8909,8898,8906,911,2,
,09:16:55,8909,8898,8906,911,2,
,09:16:56,8909,8898,8906,913,2,
,09:16:57,8909,8898,8906,913,2,
,09:16:57,8909,8898,8908,916,3,
,09:16:58,8909,8898,8908,916,3,
,09:16:59,8909,8898,8908,916,3,
,09:17:00,8907,8907,8907,919,3,
,09:17:00,8908,8907,8908,921,2,
,09:17:01,8908,8905,8906,948,27,
,09:17:02,8908,8905,8906,948,27,
,09:17:02,8908,8905,8906,948,27,
,09:17:03,8908,8905,8906,953,5,
,09:17:03,8908,8905,8907,955,2,
,09:17:04,8908,8905,8906,957,2,
,09:17:05,8908,8905,8906,957,2,
,09:17:06,8908,8905,8906,970,13,
,09:17:06,8908,8905,8905,971,1,
,09:17:07,8908,8905,8905,975,4,
,09:17:08,8908,8905,8905,976,1,
,09:17:08,8908,8905,8905,980,4,
,09:17:09,8908,8905,8905,980,4,
,09:17:11,8908,8905,8905,983,3,
,09:17:12,8908,8905,8905,983,3,
,09:17:12,8908,8905,8906,985,2,
,09:17:14,8908,8905,8906,985,2,
,09:17:15,8908,8905,8906,985,2,
,09:17:15,8908,8905,8906,985,2,
,09:17:16,8908,8905,8906,985,2,
,09:17:17,8908,8905,8906,985,2,
,09:17:18,8908,8905,8906,988,3,
,09:17:19,8908,8905,8907,993,5,
,09:17:19,8908,8905,8907,997,4,
,09:17:20,8908,8905,8907,997,4,
,09:17:20,8908,8905,8907,1006,9,
,09:17:21,8908,8905,8906,1015,9,
,09:17:22,8908,8905,8906,1015,9,
,09:17:23,8908,8905,8906,1015,9,
,09:17:23,8908,8905,8906,1016,1,
,09:17:24,8908,8905,8906,1016,1,
,09:17:24,8908,8905,8907,1027,11,
,09:17:25,8910,8905,8910,1033,6,
,09:17:26,8910,8905,8910,1033,6,
,09:17:26,8910,8905,8909,1037,4,
,09:17:27,8910,8905,8909,1037,4,
,09:17:27,8910,8905,8910,1038,1,
,09:17:28,8910,8905,8910,1038,1,
,09:17:29,8910,8905,8910,1038,1,
,09:17:29,8910,8905,8910,1038,1,
,09:17:30,8910,8905,8910,1038,1,
,09:17:30,8910,8905,8909,1045,7,
,09:17:31,8910,8905,8909,1045,7,
,09:17:31,8910,8905,8909,1054,9,
,09:17:32,8910,8905,8909,1054,9,
,09:17:33,8910,8905,8909,1054,9,
,09:17:33,8910,8905,8908,1069,15,
,09:17:34,8910,8905,8908,1069,15,
,09:17:35,8910,8905,8906,1090,21,
,09:17:36,8910,8905,8906,1090,21,
,09:17:36,8910,8905,8907,1093,3,
,09:17:37,8910,8905,8907,1093,3,
,09:17:37,8910,8905,8907,1094,1,
,09:17:38,8910,8905,8907,1094,1,
,09:17:38,8912,8905,8912,1119,25,
,09:17:39,8912,8905,8912,1119,25,
,09:17:39,8913,8905,8912,1130,11,
,09:17:40,8913,8905,8912,1130,11,
,09:17:40,8913,8905,8911,1134,4,
,09:17:41,8913,8905,8911,1134,4,
,09:17:41,8913,8905,8907,1152,18,
,09:17:42,8913,8905,8907,1152,18,
,09:17:42,8913,8905,8907,1152,18,
,09:17:43,8913,8905,8908,1154,2,
,09:17:43,8913,8905,8908,1155,1,
,09:17:44,8913,8905,8908,1155,1,
,09:17:45,8913,8905,8909,1161,6,
,09:17:46,8913,8905,8910,1178,17,
,09:17:47,8913,8905,8910,1178,17,
,09:17:47,8913,8905,8911,1180,2,
,09:17:48,8913,8905,8911,1180,2,
,09:17:49,8913,8905,8911,1180,2,
,09:17:49,8913,8905,8912,1186,6,
,09:17:50,8913,8905,8912,1186,6,
,09:17:50,8913,8905,8912,1187,1,
,09:17:51,8913,8905,8912,1187,1,
,09:17:51,8913,8905,8911,1210,23,
,09:17:52,8913,8905,8911,1218,8,
,09:17:52,8913,8905,8911,1222,4,
,09:17:53,8913,8905,8911,1222,4,
,09:17:54,8913,8905,8911,1222,4,
,09:17:54,8913,8905,8908,1240,18,
,09:17:55,8913,8905,8908,1240,18,
,09:17:55,8913,8905,8910,1253,13,
,09:17:56,8913,8905,8910,1253,13,
,09:17:56,8913,8905,8911,1257,4,
,09:17:57,8913,8905,8912,1262,5,
,09:17:58,8913,8905,8912,1262,5,
,09:17:59,8913,8905,8912,1262,5,
,09:17:59,8913,8905,8911,1269,7,
,09:18:00,8911,8911,8911,1269,7,
,09:18:00,8912,8911,8912,1275,6,
,09:18:01,8912,8911,8911,1277,2,
,09:18:02,8912,8911,8911,1277,2,
,09:18:03,8912,8909,8910,1294,17,
,09:18:04,8912,8909,8910,1294,17,
,09:18:04,8912,8909,8909,1295,1,
,09:18:05,8912,8909,8909,1295,1,
,09:18:06,8912,8907,8907,1310,15,
,09:18:07,8912,8907,8907,1311,1,
,09:18:08,8912,8907,8907,1311,1,
,09:18:09,8912,8907,8907,1311,1,
,09:18:10,8912,8907,8907,1311,1,
,09:18:10,8912,8906,8906,1314,3,
,09:18:11,8912,8906,8906,1314,3,
,09:18:11,8912,8906,8908,1316,2,
,09:18:12,8912,8906,8906,1328,12,
,09:18:13,8912,8904,8905,1343,15,
,09:18:14,8912,8904,8905,1343,15,
,09:18:14,8912,8904,8906,1350,7,
,09:18:15,8912,8904,8906,1350,7,
,09:18:15,8912,8904,8907,1351,1,
,09:18:16,8912,8904,8907,1351,1,
,09:18:16,8912,8904,8907,1353,2,
,09:18:17,8912,8904,8907,1353,2,
,09:18:17,8912,8904,8909,1365,12,
,09:18:18,8912,8904,8910,1367,2,
,09:18:19,8912,8904,8910,1367,2,
,09:18:19,8912,8904,8911,1368,1,
,09:18:20,8912,8904,8911,1368,1,
,09:18:20,8912,8904,8910,1383,15,
,09:18:21,8912,8904,8910,1383,15,
,09:18:22,8912,8904,8910,1383,15,
,09:18:22,8912,8904,8910,1383,15,
,09:18:23,8912,8904,8910,1383,15,
,09:18:23,8912,8904,8909,1388,5,
,09:18:24,8912,8904,8909,1388,5,
,09:18:25,8912,8904,8909,1388,5,
,09:18:25,8912,8904,8909,1388,5,
,09:18:26,8912,8904,8909,1388,5,
,09:18:27,8912,8904,8909,1388,5,
,09:18:28,8912,8904,8909,1397,9,
,09:18:29,8912,8904,8909,1397,9,
,09:18:29,8912,8904,8909,1408,11,
,09:18:30,8912,8904,8909,1408,11,
,09:18:30,8912,8904,8909,1408,11,
,09:18:31,8912,8904,8909,1408,11,
,09:18:32,8912,8904,8907,1409,1,
,09:18:33,8912,8904,8906,1423,14,
,09:18:34,8912,8904,8907,1426,3,
,09:18:35,8912,8904,8908,1428,2,
,09:18:36,8912,8904,8908,1428,2,
,09:18:37,8912,8904,8908,1428,2,
,09:18:38,8912,8904,8908,1428,2,
,09:18:38,8912,8904,8908,1428,2,
,09:18:40,8912,8904,8907,1429,1,
,09:18:41,8912,8904,8905,1439,10,
,09:18:42,8912,8904,8905,1449,10,
,09:18:43,8912,8904,8905,1449,10,
,09:18:43,8912,8904,8906,1450,1,
,09:18:45,8912,8904,8906,1450,1,
,09:18:46,8912,8904,8906,1450,1,
,09:18:46,8912,8904,8905,1455,5,
,09:18:47,8912,8904,8905,1455,5,
,09:18:48,8912,8904,8905,1455,5,
,09:18:49,8912,8904,8905,1456,1,
,09:18:50,8912,8904,8904,1465,9,
,09:18:51,8912,8904,8904,1468,3,
,09:18:52,8912,8904,8904,1468,3,
,09:18:52,8912,8904,8904,1468,3,
,09:18:53,8912,8904,8904,1468,3,
,09:18:54,8912,8904,8904,1468,3,
,09:18:55,8912,8903,8903,1476,8,
,09:18:56,8912,8903,8903,1476,8,
,09:18:57,8912,8903,8903,1476,8,
,09:18:58,8912,8903,8903,1476,8,
,09:18:58,8912,8903,8905,1484,8,
,09:18:59,8912,8903,8904,1485,1,
,09:18:59,8912,8903,8904,1488,3,
,09:19:00,8905,8905,8905,1492,4,
,09:19:00,8905,8904,8904,1495,3,
,09:19:01,8905,8903,8903,1500,5,
,09:19:02,8905,8903,8903,1500,5,
,09:19:02,8905,8903,8903,1500,5,
,09:19:03,8905,8903,8903,1502,2,
,09:19:03,8905,8903,8904,1526,24,
,09:19:04,8905,8903,8904,1526,24,
,09:19:05,8907,8903,8906,1553,27,
,09:19:06,8911,8903,8911,1579,26,
,09:19:07,8911,8903,8911,1579,26,
,09:19:07,8913,8903,8913,1584,5,
,09:19:08,8913,8903,8908,1619,35,
,09:19:09,8913,8903,8905,1635,16,
,09:19:10,8913,8903,8905,1635,16,
,09:19:11,8913,8903,8906,1642,7,
,09:19:12,8913,8903,8906,1642,7,
,09:19:12,8913,8903,8906,1642,7,
,09:19:15,8913,8903,8906,1644,2,
,09:19:17,8913,8903,8906,1647,3,
,09:19:18,8913,8903,8906,1648,1,
,09:19:18,8913,8903,8906,1648,1,
,09:19:19,8913,8903,8907,1662,14,
,09:19:20,8913,8903,8907,1662,14,
,09:19:23,8913,8903,8909,1682,20,
,09:19:24,8913,8903,8909,1682,20,
,09:19:24,8913,8903,8908,1684,2,
,09:19:25,8913,8903,8908,1688,4,
,09:19:26,8913,8903,8908,1688,4,
,09:19:26,8913,8903,8908,1688,4,
,09:19:27,8913,8903,8908,1688,4,
,09:19:27,8913,8903,8906,1700,12,
,09:19:28,8913,8903,8906,1706,6,
,09:19:28,8913,8903,8904,1721,15,
,09:19:29,8913,8903,8904,1721,15,
,09:19:30,8913,8903,8907,1728,7,
,09:19:31,8913,8903,8907,1728,7,
,09:19:32,8913,8903,8907,1728,7,
,09:19:32,8913,8903,8908,1731,3,
,09:19:33,8913,8903,8908,1731,3,
,09:19:34,8913,8903,8908,1731,3,
,09:19:35,8913,8903,8908,1731,3,
,09:19:35,8913,8903,8908,1733,2,
,09:19:37,8913,8903,8908,1733,2,
,09:19:38,8913,8903,8908,1733,2,
,09:19:38,8913,8903,8906,1736,3,
,09:19:39,8913,8903,8906,1736,3,
,09:19:40,8913,8903,8906,1736,3,
,09:19:40,8913,8903,8906,1736,3,
,09:19:41,8913,8903,8906,1739,3,
,09:19:42,8913,8903,8906,1739,3,
,09:19:42,8913,8903,8907,1741,2,
,09:19:43,8913,8903,8907,1741,2,
,09:19:43,8913,8903,8910,1747,6,
,09:19:44,8913,8903,8910,1747,6,
,09:19:47,8913,8903,8910,1747,6,
,09:19:48,8913,8903,8910,1747,6,
,09:19:48,8913,8903,8909,1752,5,
,09:19:49,8913,8903,8909,1752,5,
,09:19:49,8913,8903,8909,1752,5,
,09:19:50,8913,8903,8909,1752,5,
,09:19:51,8913,8903,8909,1752,5,
,09:19:52,8913,8903,8908,1759,7,
,09:19:53,8913,8903,8908,1759,7,
,09:19:53,8913,8903,8908,1761,2,
,09:19:54,8913,8903,8910,1764,3,
,09:19:55,8913,8903,8910,1764,3,
,09:19:55,8913,8903,8910,1764,3,
,09:19:56,8913,8903,8909,1768,4,
,09:19:57,8913,8903,8909,1768,4,
,09:19:58,8913,8903,8909,1769,1,
,09:19:58,8913,8903,8910,1790,21,
,09:19:59,8913,8903,8910,1790,21,
,09:20:00,8910,8910,8910,1790,21,
,09:20:00,8913,8910,8911,1826,36,
,09:20:01,8913,8910,8912,1827,1,
,09:20:01,8913,8910,8911,1829,2,
,09:20:02,8913,8910,8911,1832,3,
,09:20:02,8913,8910,8913,1840,8,
,09:20:03,8913,8910,8913,1846,6,
,09:20:04,8913,8910,8913,1846,6,
,09:20:04,8913,8910,8911,1852,6,
,09:20:05,8913,8910,8911,1852,6,
,09:20:05,8913,8909,8910,1861,9,
,09:20:06,8913,8909,8910,1861,9,
,09:20:06,8913,8908,8908,1863,2,
,09:20:07,8913,8908,8908,1863,2,
,09:20:07,8913,8908,8908,1863,2,
,09:20:08,8913,8908,8908,1863,2,
,09:20:09,8913,8907,8907,1889,26,
,09:20:10,8913,8907,8907,1889,26,
,09:20:10,8913,8905,8905,1900,11,
,09:20:11,8913,8905,8905,1900,11,
,09:20:12,8913,8904,8904,1902,2,
,09:20:13,8913,8904,8905,1903,1,
,09:20:14,8913,8904,8905,1903,1,
,09:20:14,8913,8904,8906,1904,1,
,09:20:15,8913,8904,8908,1911,7,
,09:20:16,8913,8904,8908,1911,7,
,09:20:16,8913,8904,8907,1913,2,
,09:20:17,8913,8904,8907,1913,2,
,09:20:18,8913,8904,8907,1913,2,
,09:20:19,8913,8904,8906,1914,1,
,09:20:20,8913,8904,8906,1914,1,
,09:20:21,8913,8904,8904,1919,5,
,09:20:22,8913,8904,8904,1919,5,
,09:20:22,8913,8903,8903,1924,5,
,09:20:23,8913,8903,8903,1924,5,
,09:20:24,8913,8903,8903,1924,5,
,09:20:25,8913,8903,8903,1924,5,
,09:20:25,8913,8902,8902,1925,1,
,09:20:26,8913,8902,8903,1935,10,
,09:20:27,8913,8902,8903,1937,2,
,09:20:27,8913,8902,8904,1939,2,
,09:20:28,8913,8902,8904,1944,5,
,09:20:28,8913,8902,8904,1947,3,
,09:20:29,8913,8902,8904,1947,3,
,09:20:30,8913,8902,8904,1947,3,
,09:20:31,8913,8902,8904,1947,3,
,09:20:32,8913,8902,8904,1947,3,
,09:20:34,8913,8902,8903,1949,2,
,09:20:35,8913,8902,8903,1954,5,
,09:20:36,8913,8902,8903,1954,5,
,09:20:36,8913,8902,8903,1954,5,
,09:20:37,8913,8902,8904,1968,14,
,09:20:38,8913,8902,8904,1969,1,
,09:20:38,8913,8902,8904,1969,1,
,09:20:40,8913,8902,8904,1969,1,
,09:20:41,8913,8902,8904,1969,1,
,09:20:41,8913,8902,8904,1969,1,
,09:20:43,8913,8902,8904,1971,2,
,09:20:44,8913,8902,8904,1971,2,
,09:20:45,8913,8902,8904,1971,2,
,09:20:46,8913,8902,8904,1971,2,
,09:20:47,8913,8902,8904,1971,2,
,09:20:48,8913,8902,8902,1974,3,
,09:20:49,8913,8902,8902,1974,3,
,09:20:50,8913,8902,8902,1976,2,
,09:20:51,8913,8902,8902,1976,2,
,09:20:51,8913,8901,8901,1977,1,
,09:20:53,8913,8901,8901,1977,1,
,09:20:54,8913,8901,8901,1980,3,
,09:20:54,8913,8901,8901,1980,3,
,09:20:55,8913,8900,8900,1989,9,
,09:20:56,8913,8900,8900,1989,9,
,09:20:57,8913,8899,8899,1996,7,
,09:20:59,8913,8899,8900,2004,8,
,09:21:00,8899,8899,8899,2005,1,
,09:21:00,8900,8899,8900,2013,8,
,09:21:01,8900,8899,8900,2013,8,
,09:21:02,8900,8899,8899,2022,9,
,09:21:03,8900,8899,8899,2022,9,
,09:21:03,8900,8899,8900,2028,6,
,09:21:04,8900,8899,8900,2028,6,
,09:21:05,8900,8899,8899,2030,2,
,09:21:06,8900,8899,8899,2035,5,
,09:21:07,8900,8899,8899,2035,5,
,09:21:07,8901,8899,8901,2059,24,
,09:21:08,8901,8899,8901,2059,24,
,09:21:08,8902,8899,8902,2061,2,
,09:21:09,8902,8899,8902,2061,2,
,09:21:10,8902,8899,8902,2061,2,
,09:21:10,8903,8899,8903,2063,2,
,09:21:11,8903,8899,8903,2063,2,
,09:21:11,8903,8899,8903,2063,2,
,09:21:12,8903,8899,8903,2063,2,
,09:21:13,8903,8899,8903,2063,2,
,09:21:13,8904,8899,8904,2065,2,
,09:21:14,8904,8899,8902,2068,3,
,09:21:15,8904,8899,8902,2068,3,
,09:21:15,8904,8899,8902,2068,3,
,09:21:16,8904,8899,8902,2068,3,
,09:21:16,8904,8899,8902,2069,1,
,09:21:17,8904,8899,8902,2069,1,
,09:21:17,8904,8899,8901,2071,2,
,09:21:18,8904,8899,8901,2071,2,
,09:21:18,8904,8899,8901,2071,2,
,09:21:19,8904,8899,8901,2071,2,
,09:21:20,8904,8899,8901,2071,2,
,09:21:21,8904,8899,8901,2071,2,
,09:21:22,8904,8899,8901,2071,2,
,09:21:23,8904,8899,8902,2072,1,
,09:21:24,8904,8899,8902,2072,1,
,09:21:25,8904,8899,8902,2072,1,
,09:21:26,8904,8899,8902,2072,1,
,09:21:27,8904,8899,8901,2075,3,
,09:21:27,8904,8898,8899,2140,65,
,09:21:28,8904,8898,8900,2141,1,
,09:21:29,8904,8898,8900,2144,3,
,09:21:30,8904,8898,8900,2144,3,
,09:21:30,8904,8898,8900,2146,2,
,09:21:32,8904,8898,8900,2146,2,
,09:21:33,8904,8898,8900,2146,2,
,09:21:33,8904,8898,8899,2147,1,
,09:21:34,8904,8898,8899,2147,1,
,09:21:35,8904,8898,8899,2147,1,
,09:21:35,8904,8898,8898,2149,2,
,09:21:36,8904,8898,8898,2149,2,
,09:21:36,8904,8898,8898,2149,2,
,09:21:37,8904,8898,8898,2149,2,
,09:21:38,8904,8898,8898,2149,2,
,09:21:39,8904,8898,8898,2149,2,
,09:21:40,8904,8898,8898,2149,2,
,09:21:41,8904,8898,8898,2149,2,
,09:21:43,8904,8898,8898,2153,4,
,09:21:43,8904,8898,8898,2155,2,
,09:21:44,8904,8898,8898,2155,2,
,09:21:45,8904,8898,8898,2155,2,
,09:21:45,8904,8898,8898,2158,3,
,09:21:46,8904,8898,8898,2158,3,
,09:21:46,8904,8898,8898,2160,2,
,09:21:48,8904,8898,8898,2160,2,
,09:21:48,8904,8898,8899,2166,6,
,09:21:49,8904,8898,8899,2166,6,
,09:21:50,8904,8898,8899,2166,6,
,09:21:52,8904,8898,8899,2166,6,
,09:21:53,8904,8898,8899,2166,6,
,09:21:54,8904,8898,8899,2166,6,
,09:21:54,8904,8898,8901,2169,3,
,09:21:55,8904,8898,8900,2170,1,
,09:21:56,8904,8898,8900,2170,1,
,09:21:56,8904,8898,8899,2171,1,
,09:21:57,8904,8898,8899,2171,1,
,09:21:57,8904,8898,8898,2172,1,
,09:22:01,8899,8899,8899,2174,2,
,09:22:01,8899,8899,8899,2175,1,
,09:22:02,8900,8899,8900,2190,15,
,09:22:03,8900,8899,8900,2190,15,
,09:22:03,8901,8899,8901,2191,1,
,09:22:04,8901,8899,8901,2191,1,
,09:22:04,8901,8899,8901,2191,1,
,09:22:06,8903,8899,8903,2203,12,
,09:22:07,8903,8899,8903,2203,12,
,09:22:07,8903,8899,8903,2203,12,
,09:22:08,8903,8899,8902,2207,4,
,09:22:09,8903,8899,8902,2207,4,
,09:22:09,8903,8899,8903,2208,1,
,09:22:13,8903,8899,8902,2212,4,
,09:22:13,8903,8899,8901,2219,7,
,09:22:14,8903,8899,8901,2219,7,
,09:22:14,8903,8899,8902,2220,1,
,09:22:15,8903,8899,8902,2220,1,
,09:22:15,8903,8899,8902,2220,1,
,09:22:16,8903,8899,8900,2225,5,
,09:22:17,8903,8899,8900,2225,5,
,09:22:17,8903,8899,8900,2229,4,
,09:22:18,8903,8899,8900,2229,4,
,09:22:22,8903,8899,8900,2229,4,
,09:22:22,8903,8899,8901,2231,2,
,09:22:23,8903,8899,8901,2231,2,
,09:22:24,8903,8899,8900,2234,3,
,09:22:25,8903,8899,8900,2234,3,
,09:22:26,8903,8899,8900,2239,5,
,09:22:28,8903,8899,8902,2249,10,
,09:22:29,8903,8899,8902,2250,1,
,09:22:29,8903,8899,8902,2259,9,
,09:22:30,8903,8899,8902,2260,1,
,09:22:30,8903,8899,8902,2267,7,
,09:22:31,8903,8899,8902,2268,1,
,09:22:31,8903,8899,8902,2271,3,
,09:22:32,8903,8899,8903,2272,1,
,09:22:32,8903,8899,8903,2273,1,
,09:22:33,8903,8899,8903,2273,1,
,09:22:33,8903,8899,8903,2273,1,
,09:22:35,8903,8899,8903,2274,1,
,09:22:36,8903,8899,8903,2274,1,
,09:22:36,8903,8899,8902,2279,5,
,09:22:37,8903,8899,8902,2279,5,
,09:22:38,8903,8899,8902,2279,5,
,09:22:40,8903,8899,8902,2469,190,
,09:22:40,8903,8899,8903,2471,2,
,09:22:41,8903,8899,8903,2471,2,
,09:22:42,8903,8899,8903,2471,2,
,09:22:42,8903,8899,8903,2471,2,
,09:22:43,8903,8899,8903,2471,2,
,09:22:44,8903,8899,8903,2478,7,
,09:22:45,8903,8899,8903,2478,7,
,09:22:45,8903,8899,8903,2480,2,
,09:22:47,8903,8899,8902,2491,11,
,09:22:48,8903,8899,8902,2491,11,
,09:22:48,8903,8899,8902,2491,11,
,09:22:51,8903,8899,8902,2495,4,
,09:22:51,8903,8899,8902,2495,4,
,09:22:56,8903,8899,8901,2497,2,
,09:22:57,8903,8899,8901,2497,2,
,09:22:57,8903,8899,8901,2497,2,
,09:23:01,8902,8902,8902,2499,2,
,09:23:01,8903,8901,8901,2514,15,
,09:23:03,8903,8901,8901,2514,15,
,09:23:05,8903,8901,8901,2514,15,
,09:23:07,8903,8901,8901,2514,15,
,09:23:09,8903,8901,8901,2514,15,
,09:23:11,8903,8901,8902,2515,1,
,09:23:11,8903,8901,8902,2515,1,
,09:23:12,8903,8901,8902,2515,1,
,09:23:15,8903,8901,8902,2515,1,
,09:23:15,8903,8901,8903,2520,5,
,09:23:16,8903,8901,8903,2520,5,
,09:23:17,8903,8901,8903,2520,5,
,09:23:18,8903,8901,8903,2520,5,
,09:23:19,8903,8901,8903,2520,5,
,09:23:19,8903,8901,8903,2531,11,
,09:23:20,8903,8901,8903,2531,11,
,09:23:23,8903,8901,8901,2538,7,
,09:23:24,8903,8901,8901,2539,1,
,09:23:24,8903,8900,8901,2556,17,
,09:23:25,8903,8900,8901,2556,17,
,09:23:26,8903,8900,8901,2561,5,
,09:23:27,8903,8900,8901,2561,5,
,09:23:27,8903,8900,8902,2562,1,
,09:23:28,8903,8900,8903,2572,10,
,09:23:29,8903,8900,8903,2572,10,
,09:23:29,8903,8900,8903,2572,10,
,09:23:30,8903,8900,8903,2572,10,
,09:23:30,8904,8900,8904,2573,1,
,09:23:31,8904,8900,8904,2573,1,
,09:23:31,8904,8900,8904,2574,1,
,09:23:32,8904,8900,8904,2574,1,
,09:23:33,8904,8900,8904,2574,1,
,09:23:34,8904,8900,8904,2574,1,
,09:23:34,8904,8900,8903,2579,5,
,09:23:35,8904,8900,8903,2579,5,
,09:23:35,8904,8900,8904,2582,3,
,09:23:36,8904,8900,8904,2582,3,
,09:23:37,8904,8900,8904,2582,3,
,09:23:38,8904,8900,8904,2582,3,
,09:23:38,8904,8900,8904,2582,3,
,09:23:39,8904,8900,8904,2582,3,
,09:23:40,8904,8900,8904,2582,3,
,09:23:42,8904,8900,8902,2587,5,
,09:23:43,8904,8900,8902,2587,5,
,09:23:43,8904,8900,8902,2588,1,
,09:23:46,8904,8900,8901,2589,1,
,09:23:48,8904,8900,8902,2591,2,
,09:23:49,8904,8900,8902,2591,2,
,09:23:49,8904,8900,8903,2592,1,
,09:23:50,8904,8900,8903,2592,1,
,09:23:51,8904,8900,8903,2592,1,
,09:23:51,8904,8900,8903,2592,1,
,09:23:54,8904,8900,8903,2592,1,
,09:23:55,8904,8900,8903,2600,8,
,09:23:56,8904,8900,8903,2604,4,
,09:23:57,8904,8900,8903,2604,4,
,09:23:59,8904,8900,8903,2604,4,
,09:24:00,8903,8903,8903,2604,4,
,09:24:00,8903,8903,8903,2604,4,
,09:24:01,8903,8903,8903,2604,4,
,09:24:02,8903,8902,8902,2609,5,
,09:24:03,8903,8902,8902,2609,5,
,09:24:04,8903,8902,8902,2609,5,
,09:24:04,8903,8902,8902,2609,5,
,09:24:06,8903,8902,8903,2610,1,
,09:24:09,8903,8902,8902,2611,1,
,09:24:09,8903,8902,8902,2616,5,
,09:24:10,8903,8902,8902,2616,5,
,09:24:10,8903,8902,8902,2616,5,
,09:24:12,8903,8902,8902,2616,5,
,09:24:12,8903,8902,8903,2618,2,
,09:24:13,8903,8902,8903,2618,2,
,09:24:14,8903,8902,8903,2618,2,
,09:24:15,8903,8902,8903,2618,2,
,09:24:16,8903,8902,8903,2618,2,
,09:24:19,8903,8902,8903,2619,1,
,09:24:20,8903,8902,8903,2619,1,
,09:24:21,8903,8902,8902,2620,1,
,09:24:21,8903,8902,8902,2620,1,
,09:24:22,8903,8902,8902,2620,1,
,09:24:22,8903,8902,8903,2623,3,
,09:24:23,8903,8902,8903,2623,3,
,09:24:24,8903,8902,8903,2623,3,
,09:24:24,8903,8902,8903,2623,3,
,09:24:26,8904,8902,8904,2625,2,
,09:24:26,8904,8902,8904,2626,1,
,09:24:27,8904,8902,8904,2626,1,
,09:24:29,8904,8902,8904,2626,1,
,09:24:30,8904,8902,8903,2634,8,
,09:24:31,8904,8902,8903,2635,1,
,09:24:31,8904,8902,8903,2636,1,
,09:24:32,8904,8902,8903,2636,1,
,09:24:32,8904,8902,8902,2637,1,
,09:24:33,8904,8902,8902,2637,1,
,09:24:34,8904,8902,8902,2637,1,
,09:24:35,8904,8902,8902,2637,1,
,09:24:35,8904,8902,8902,2637,1,
,09:24:39,8904,8902,8902,2637,1,
,09:24:40,8904,8902,8902,2637,1,
,09:24:40,8904,8902,8902,2642,5,
,09:24:41,8904,8902,8902,2642,5,
,09:24:42,8904,8902,8902,2642,5,
,09:24:42,8904,8902,8903,2648,6,
,09:24:43,8904,8902,8903,2648,6,
,09:24:43,8904,8902,8903,2652,4,
,09:24:44,8904,8902,8903,2652,4,
,09:24:48,8904,8902,8902,2662,10,
,09:24:49,8904,8902,8903,2673,11,
,09:24:50,8904,8902,8903,2673,11,
,09:24:50,8904,8902,8902,2674,1,
,09:24:51,8904,8901,8901,2675,1,
,09:24:51,8904,8901,8901,2676,1,
,09:24:52,8904,8901,8901,2676,1,
,09:24:52,8904,8901,8903,2677,1,
,09:24:53,8904,8901,8904,2681,4,
,09:24:53,8905,8901,8905,2700,19,
,09:24:54,8905,8901,8905,2700,19,
,09:24:54,8905,8901,8905,2701,1,
,09:24:55,8906,8901,8906,2703,2,
,09:24:56,8906,8901,8906,2705,2,
,09:24:56,8906,8901,8906,2707,2,
,09:24:57,8907,8901,8907,2708,1,
,09:24:57,8907,8901,8907,2709,1,
,09:24:58,8908,8901,8908,2725,16,
,09:24:59,8908,8901,8908,2725,16,
,09:25:00,8908,8908,8908,2725,16,
,09:25:01,8908,8907,8907,2729,4,
,09:25:02,8908,8907,8907,2730,1,
,09:25:02,8908,8907,8908,2731,1,
,09:25:03,8909,8907,8908,2736,5,
,09:25:04,8909,8907,8908,2736,5,
,09:25:04,8909,8906,8907,2751,15,
,09:25:05,8909,8906,8906,2754,3,
,09:25:06,8909,8906,8906,2754,3,
,09:25:06,8909,8906,8907,2766,12,
,09:25:07,8909,8906,8906,2768,2,
,09:25:08,8909,8906,8906,2768,2,
,09:25:08,8909,8906,8907,2778,10,
,09:25:09,8909,8906,8906,2779,1,
,09:25:10,8909,8906,8906,2779,1,
,09:25:11,8909,8906,8907,2783,4,
,09:25:11,8909,8906,8906,2784,1,
,09:25:13,8909,8906,8906,2786,2,
,09:25:13,8909,8905,8905,2794,8,
,09:25:14,8909,8905,8905,2794,8,
,09:25:15,8909,8905,8905,2794,8,
,09:25:16,8909,8905,8905,2795,1,
,09:25:19,8909,8905,8905,2795,1,
,09:25:20,8909,8905,8905,2803,8,
,09:25:21,8909,8905,8905,2803,8,
,09:25:21,8909,8905,8905,2803,8,
,09:25:22,8909,8905,8905,2804,1,
,09:25:23,8909,8905,8905,2804,1,
,09:25:23,8909,8905,8906,2820,16,
,09:25:24,8909,8905,8906,2820,16,
,09:25:24,8909,8905,8908,2822,2,
,09:25:25,8909,8905,8908,2822,2,
,09:25:25,8909,8905,8908,2823,1,
,09:25:26,8909,8905,8908,2823,1,
,09:25:26,8909,8905,8908,2825,2,
,09:25:27,8909,8905,8908,2825,2,
,09:25:27,8909,8905,8907,2840,15,
,09:25:28,8909,8905,8907,2840,15,
,09:25:28,8909,8905,8906,2841,1,
,09:25:29,8909,8905,8906,2841,1,
,09:25:31,8909,8905,8906,2841,1,
,09:25:31,8909,8905,8905,2853,12,
,09:25:32,8909,8905,8905,2853,12,
,09:25:32,8909,8905,8907,2874,21,
,09:25:33,8909,8905,8907,2874,21,
,09:25:33,8909,8905,8907,2880,6,
,09:25:34,8909,8905,8907,2880,6,
,09:25:34,8909,8905,8907,2882,2,
,09:25:35,8909,8905,8907,2882,2,
,09:25:36,8909,8905,8907,2888,6,
,09:25:37,8909,8905,8907,2888,6,
,09:25:38,8909,8905,8907,2894,6,
,09:25:39,8909,8905,8907,2894,6,
,09:25:46,8909,8905,8907,2894,6,
,09:25:47,8909,8905,8906,2906,12,
,09:25:48,8909,8905,8906,2906,12,
,09:25:48,8909,8905,8906,2906,12,
,09:25:51,8909,8905,8905,2912,6,
,09:25:51,8909,8905,8905,2916,4,
,09:25:52,8909,8905,8905,2916,4,
,09:25:52,8909,8905,8905,2920,4,
,09:25:53,8909,8905,8905,2920,4,
,09:25:55,8909,8905,8907,2926,6,
,09:25:56,8909,8905,8907,2926,6,
,09:25:56,8909,8905,8907,2926,6,
,09:25:58,8909,8905,8908,2930,4,
,09:25:59,8909,8905,8908,2930,4,
,09:25:59,8909,8905,8908,2931,1,
,09:26:00,8908,8908,8908,2935,4,
,09:26:00,8908,8908,8908,2939,4,
,09:26:01,8908,8908,8908,2939,4,
,09:26:01,8909,8908,8909,2941,2,
,09:26:02,8909,8908,8908,2954,13,
,09:26:03,8909,8907,8909,2960,6,
,09:26:04,8909,8907,8909,2960,6,
,09:26:05,8909,8907,8908,2968,8,
,09:26:06,8909,8907,8908,2987,19,
,09:26:07,8909,8907,8908,2987,19,
,09:26:08,8910,8907,8910,3012,25,
,09:26:09,8910,8907,8910,3012,25,
,09:26:10,8911,8907,8907,3055,43,
,09:26:11,8911,8907,8907,3055,43,
,09:26:11,8911,8907,8907,3055,43,
,09:26:12,8911,8907,8908,3056,1,
,09:26:12,8911,8907,8908,3062,6,
,09:26:13,8911,8907,8908,3067,5,
,09:26:14,8911,8907,8908,3071,4,
,09:26:15,8911,8907,8908,3071,4,
,09:26:15,8911,8907,8909,3072,1,
,09:26:18,8911,8907,8910,3074,2,
,09:26:19,8911,8907,8910,3097,23,
,09:26:20,8911,8907,8910,3105,8,
,09:26:21,8911,8907,8910,3105,8,
,09:26:22,8911,8907,8911,3107,2,
,09:26:23,8911,8907,8911,3107,2,
,09:26:23,8913,8907,8913,3111,4,
,09:26:24,8913,8907,8913,3114,3,
,09:26:25,8913,8907,8913,3114,3,
,09:26:25,8913,8907,8912,3121,7,
,09:26:26,8913,8907,8912,3121,7,
,09:26:28,8913,8907,8912,3121,7,
,09:26:28,8913,8907,8910,3123,2,
,09:26:29,8913,8907,8910,3125,2,
,09:26:29,8913,8907,8910,3126,1,
,09:26:30,8913,8907,8911,3140,14,
,09:26:31,8913,8907,8910,3150,10,
,09:26:32,8913,8907,8910,3150,10,
,09:26:32,8913,8907,8910,3150,10,
,09:26:33,8913,8907,8910,3150,10,
,09:26:33,8913,8907,8910,3150,10,
,09:26:37,8913,8907,8910,3184,34,
,09:26:38,8913,8907,8910,3184,34,
,09:26:38,8913,8907,8910,3187,3,
,09:26:39,8913,8907,8910,3187,3,
,09:26:40,8913,8907,8910,3187,3,
,09:26:40,8913,8907,8910,3187,3,
,09:26:41,8913,8907,8910,3187,3,
,09:26:43,8913,8907,8910,3199,12,
,09:26:44,8913,8907,8910,3199,12,
,09:26:45,8913,8907,8910,3200,1,
,09:26:45,8913,8907,8910,3200,1,
,09:26:47,8913,8906,8909,3259,59,
,09:26:48,8913,8906,8909,3260,1,
,09:26:48,8913,8906,8910,3271,11,
,09:26:49,8913,8906,8910,3271,11,
,09:26:49,8913,8906,8910,3271,11,
,09:26:50,8913,8906,8911,3277,6,
,09:26:51,8913,8906,8911,3277,6,
,09:26:51,8913,8906,8912,3278,1,
,09:26:52,8913,8906,8912,3279,1,
,09:26:53,8913,8906,8913,3280,1,
,09:26:53,8913,8906,8912,3286,6,
,09:26:54,8913,8906,8912,3286,6,
,09:26:54,8913,8906,8912,3286,6,
,09:26:57,8913,8906,8911,3290,4,
,09:26:57,8913,8906,8910,3294,4,
,09:26:58,8913,8906,8911,3296,2,
,09:26:59,8913,8906,8911,3296,2,
,09:27:02,8911,8911,8911,3298,2,
,09:27:02,8911,8911,8911,3300,2,
,09:27:03,8911,8910,8910,3306,6,
,09:27:04,8911,8910,8910,3306,6,
,09:27:05,8911,8908,8908,3315,9,
,09:27:06,8911,8908,8908,3316,1,
,09:27:07,8911,8908,8910,3317,1,
,09:27:08,8911,8908,8910,3317,1,
,09:27:08,8911,8908,8910,3320,3,
,09:27:09,8911,8908,8910,3320,3,
,09:27:10,8911,8908,8911,3321,1,
,09:27:10,8911,8907,8907,3350,29,
,09:27:11,8911,8907,8907,3350,29,
,09:27:11,8911,8907,8908,3351,1,
,09:27:12,8911,8907,8907,3358,7,
,09:27:13,8911,8907,8907,3358,7,
,09:27:13,8911,8906,8906,3360,2,
,09:27:14,8911,8906,8906,3360,2,
,09:27:14,8911,8906,8906,3362,2,
,09:27:16,8911,8906,8906,3362,2,
,09:27:17,8911,8906,8906,3362,2,
,09:27:17,8911,8906,8908,3366,4,
,09:27:18,8911,8906,8908,3366,4,
,09:27:18,8911,8906,8908,3367,1,
,09:27:19,8911,8906,8908,3367,1,
,09:27:20,8911,8906,8908,3367,1,
,09:27:20,8911,8906,8907,3370,3,
,09:27:21,8911,8906,8906,3375,5,
,09:27:22,8911,8906,8906,3375,5,
,09:27:22,8911,8906,8906,3376,1,
,09:27:23,8911,8906,8906,3376,1,
,09:27:25,8911,8906,8906,3377,1,
,09:27:25,8911,8906,8906,3377,1,
,09:27:27,8911,8906,8906,3377,1,
,09:27:28,8911,8906,8906,3377,1,
,09:27:29,8911,8906,8906,3377,1,
,09:27:30,8911,8906,8906,3377,1,
,09:27:30,8911,8906,8906,3378,1,
,09:27:31,8911,8906,8906,3378,1,
,09:27:31,8911,8906,8907,3379,1,
,09:27:32,8911,8906,8907,3379,1,
,09:27:33,8911,8906,8907,3379,1,
,09:27:33,8911,8906,8907,3379,1,
,09:27:34,8911,8906,8907,3380,1,
,09:27:35,8911,8906,8907,3380,1,
,09:27:35,8911,8906,8907,3380,1,
,09:27:39,8911,8906,8907,3380,1,
,09:27:39,8911,8906,8907,3385,5,
,09:27:40,8911,8906,8907,3385,5,
,09:27:40,8911,8906,8907,3385,5,
,09:27:41,8911,8906,8907,3385,5,
,09:27:44,8911,8906,8907,3385,5,
,09:27:50,8911,8906,8906,3389,4,
,09:27:50,8911,8905,8906,3396,7,
,09:27:55,8911,8905,8906,3396,7,
,09:27:55,8911,8905,8906,3396,7,
,09:27:58,8911,8905,8906,3396,7,
,09:28:00,8906,8906,8906,3396,7,
,09:28:00,8906,8905,8905,3397,1,
,09:28:01,8906,8905,8905,3397,1,
,09:28:02,8906,8904,8904,3403,6,
,09:28:03,8906,8904,8904,3403,6,
,09:28:04,8906,8904,8904,3406,3,
,09:28:05,8906,8903,8903,3407,1,
,09:28:06,8906,8903,8903,3407,1,
,09:28:07,8906,8903,8903,3407,1,
,09:28:07,8906,8903,8903,3407,1,
,09:28:08,8906,8903,8903,3407,1,
,09:28:09,8906,8903,8903,3407,1,
,09:28:10,8906,8903,8903,3407,1,
,09:28:11,8906,8902,8902,3416,9,
,09:28:12,8906,8902,8902,3416,9,
,09:28:13,8906,8902,8903,3426,10,
,09:28:13,8906,8902,8902,3432,6,
,09:28:16,8906,8902,8902,3432,6,
,09:28:17,8906,8902,8902,3432,6,
,09:28:17,8906,8902,8902,3432,6,
,09:28:19,8906,8902,8902,3432,6,
,09:28:19,8906,8902,8902,3432,6,
,09:28:20,8906,8902,8902,3433,1,
,09:28:21,8906,8902,8902,3433,1,
,09:28:21,8906,8902,8902,3434,1,
,09:28:22,8906,8902,8902,3434,1,
,09:28:22,8906,8902,8902,3434,1,
,09:28:23,8906,8902,8902,3434,1,
,09:28:26,8906,8902,8904,3435,1,
,09:28:27,8906,8902,8904,3435,1,
,09:28:27,8906,8902,8903,3436,1,
,09:28:28,8906,8902,8903,3436,1,
,09:28:28,8906,8902,8904,3437,1,
,09:28:30,8906,8902,8904,3438,1,
,09:28:31,8906,8902,8904,3439,1,
,09:28:32,8906,8902,8904,3439,1,
,09:28:33,8906,8902,8904,3439,1,
,09:28:33,8906,8902,8904,3439,1,
,09:28:37,8906,8902,8904,3439,1,
,09:28:37,8906,8902,8904,3439,1,
,09:28:39,8906,8902,8904,3439,1,
,09:28:42,8906,8902,8904,3440,1,
,09:28:43,8906,8902,8903,3442,2,
,09:28:43,8906,8902,8903,3442,2,
,09:28:44,8906,8902,8903,3442,2,
,09:28:46,8906,8902,8903,3442,2,
,09:28:49,8906,8902,8903,3442,2,
,09:28:49,8906,8902,8904,3443,1,
,09:28:50,8906,8902,8904,3443,1,
,09:28:52,8906,8902,8904,3444,1,
,09:29:03,8903,8903,8903,3445,1,
,09:29:03,8903,8903,8903,3449,4,
,09:29:04,8903,8903,8903,3449,4,
,09:29:05,8903,8903,8903,3449,4,
,09:29:05,8903,8903,8903,3449,4,
,09:29:06,8903,8901,8901,3450,1,
,09:29:07,8903,8901,8901,3450,1,
,09:29:08,8903,8901,8903,3453,3,
,09:29:08,8903,8901,8903,3453,3,
,09:29:10,8903,8901,8903,3453,3,
,09:29:11,8903,8901,8903,3453,3,
,09:29:12,8903,8901,8903,3453,3,
,09:29:13,8903,8901,8903,3453,3,
,09:29:14,8903,8901,8903,3453,3,
,09:29:15,8903,8901,8903,3453,3,
,09:29:16,8903,8901,8903,3453,3,
,09:29:17,8903,8901,8903,3453,3,
,09:29:20,8903,8901,8903,3453,3,
,09:29:20,8903,8901,8903,3454,1,
,09:29:26,8903,8901,8902,3459,5,
,09:29:27,8903,8901,8902,3459,5,
,09:29:27,8903,8901,8902,3459,5,
,09:29:28,8903,8901,8902,3459,5,
,09:29:29,8903,8901,8902,3459,5,
,09:29:30,8903,8901,8902,3460,1,
,09:29:31,8903,8901,8901,3469,9,
,09:29:32,8903,8901,8903,3477,8,
,09:29:33,8903,8901,8903,3477,8,
,09:29:33,8903,8901,8903,3477,8,
,09:29:34,8903,8901,8903,3477,8,
,09:29:34,8903,8901,8903,3477,8,
,09:29:35,8903,8901,8903,3477,8,
,09:29:35,8903,8901,8902,3478,1,
,09:29:36,8903,8901,8902,3478,1,
,09:29:37,8903,8901,8902,3478,1,
,09:29:37,8903,8901,8903,3480,2,
,09:29:38,8903,8901,8903,3480,2,
,09:29:39,8903,8901,8903,3481,1,
,09:29:40,8903,8901,8903,3481,1,
,09:29:40,8903,8901,8903,3481,1,
,09:29:41,8903,8901,8903,3481,1,
,09:29:42,8903,8901,8902,3489,8,
,09:29:43,8903,8901,8902,3489,8,
,09:29:43,8903,8901,8903,3491,2,
,09:29:44,8903,8901,8903,3491,2,
,09:29:46,8903,8901,8903,3493,2,
,09:29:46,8903,8901,8902,3495,2,
,09:29:47,8903,8901,8903,3497,2,
,09:29:48,8903,8901,8903,3497,2,
,09:29:48,8903,8901,8903,3501,4,
,09:29:49,8903,8901,8903,3505,4,
,09:29:49,8903,8901,8902,3508,3,
,09:29:50,8903,8901,8903,3515,7,
,09:29:51,8903,8901,8903,3515,7,
,09:29:51,8903,8901,8903,3519,4,
,09:29:52,8903,8901,8903,3519,4,
,09:29:52,8903,8901,8902,3530,11,
,09:29:53,8903,8901,8902,3542,12,
,09:29:53,8904,8901,8904,3579,37,
,09:29:54,8904,8901,8904,3579,37,
,09:29:54,8905,8901,8905,3583,4,
,09:29:55,8905,8901,8904,3585,2,
,09:29:55,8905,8901,8904,3588,3,
,09:29:56,8905,8901,8904,3588,3,
,09:29:56,8905,8901,8904,3588,3,
,09:29:57,8905,8901,8904,3588,3,
,09:29:57,8905,8901,8903,3596,8,
,09:29:58,8905,8901,8903,3596,8,
,09:29:59,8905,8901,8903,3596,8,
,09:29:59,8905,8901,8903,3597,1,
,09:30:00,8903,8903,8903,3598,1,
,09:30:00,8905,8903,8904,3625,27,
,09:30:01,8905,8901,8902,3644,19,
,09:30:02,8905,8900,8900,3676,32,
,09:30:03,8905,8898,8899,3699,23,
,09:30:04,8905,8898,8899,3701,2,
,09:30:04,8905,8898,8900,3714,13,
,09:30:05,8905,8898,8900,3718,4,
,09:30:05,8905,8898,8901,3725,7,
,09:30:06,8905,8898,8900,3739,14,
,09:30:07,8905,8898,8900,3743,4,
,09:30:07,8905,8897,8897,3795,52,
,09:30:08,8905,8895,8895,3819,24,
,09:30:09,8905,8895,8896,3823,4,
,09:30:09,8905,8895,8896,3830,7,
,09:30:10,8905,8895,8896,3831,1,
,09:30:10,8905,8895,8895,3836,5,
,09:30:11,8905,8895,8896,3837,1,
,09:30:11,8905,8895,8896,3841,4,
,09:30:12,8905,8895,8895,3843,2,
,09:30:12,8905,8895,8895,3866,23,
,09:30:13,8905,8895,8895,3866,23,
,09:30:13,8905,8895,8896,3867,1,
,09:30:14,8905,8895,8896,3867,1,
,09:30:14,8905,8895,8895,3880,13,
,09:30:15,8905,8895,8897,3881,1,
,09:30:15,8905,8895,8898,3887,6,
,09:30:16,8905,8895,8897,3889,2,
,09:30:17,8905,8895,8900,3900,11,
,09:30:18,8905,8895,8900,3902,2,
,09:30:19,8905,8895,8905,3918,16,
,09:30:20,8914,8895,8914,3980,62,
,09:30:21,8915,8895,8915,3992,12,
,09:30:22,8916,8895,8916,4016,24,
,09:30:23,8916,8895,8914,4033,17,
,09:30:24,8916,8895,8914,4035,2,
,09:30:24,8916,8895,8912,4048,13,
,09:30:25,8916,8895,8912,4075,27,
,09:30:26,8916,8895,8912,4075,27,
,09:30:26,8916,8895,8912,4078,3,
,09:30:27,8916,8895,8912,4078,3,
,09:30:27,8916,8895,8913,4082,4,
,09:30:28,8916,8895,8914,4090,8,
,09:30:29,8916,8895,8913,4091,1,
,09:30:29,8916,8895,8913,4104,13,
,09:30:30,8916,8895,8914,4138,34,
,09:30:31,8916,8895,8914,4152,14,
,09:30:32,8916,8895,8914,4152,14,
,09:30:32,8916,8895,8916,4162,10,
,09:30:33,8916,8895,8916,4162,10,
,09:30:33,8916,8895,8915,4163,1,
,09:30:34,8916,8895,8915,4164,1,
,09:30:34,8916,8895,8916,4173,9,
,09:30:35,8916,8895,8916,4173,9,
,09:30:35,8916,8895,8916,4181,8,
,09:30:36,8916,8895,8915,4199,18,
,09:30:37,8916,8895,8914,4200,1,
,09:30:37,8916,8895,8916,4209,9,
,09:30:38,8920,8895,8919,4280,71,
,09:30:39,8922,8895,8922,4302,22,
,09:30:40,8922,8895,8921,4304,2,
,09:30:40,8924,8895,8923,4321,17,
,09:30:41,8924,8895,8922,4323,2,
,09:30:41,8924,8895,8923,4332,9,
,09:30:42,8924,8895,8923,4333,1,
,09:30:42,8924,8895,8924,4359,26,
,09:30:43,8924,8895,8924,4359,26,
,09:30:43,8925,8895,8923,4386,27,
,09:30:44,8925,8895,8923,4387,1,
,09:30:44,8925,8895,8923,4401,14,
,09:30:45,8925,8895,8922,4406,5,
,09:30:45,8925,8895,8920,4419,13,
,09:30:46,8925,8895,8920,4420,1,
,09:30:46,8925,8895,8920,4422,2,
,09:30:47,8925,8895,8917,4454,32,
,09:30:48,8925,8895,8918,4455,1,
,09:30:49,8925,8895,8918,4456,1,
,09:30:50,8925,8895,8920,4463,7,
,09:30:51,8925,8895,8920,4463,7,
,09:30:51,8925,8895,8920,4468,5,
,09:30:52,8925,8895,8918,4469,1,
,09:30:52,8925,8895,8918,4470,1,
,09:30:54,8925,8895,8917,4479,9,
,09:30:55,8925,8895,8917,4479,9,
,09:30:56,8925,8895,8916,4486,7,
,09:30:57,8925,8895,8916,4486,7,
,09:30:58,8925,8895,8916,4487,1,
,09:30:59,8925,8895,8916,4487,1,
,09:30:59,8925,8895,8914,4515,28,
,09:31:00,8914,8914,8914,4515,28,
,09:31:01,8914,8914,8914,4515,28,
,09:31:01,8915,8913,8915,4522,7,
,09:31:02,8915,8913,8915,4554,32,
,09:31:03,8915,8913,8915,4555,1,
,09:31:04,8915,8913,8915,4555,1,
,09:31:04,8915,8913,8913,4564,9,
,09:31:05,8915,8913,8914,4574,10,
,09:31:06,8915,8913,8914,4574,10,
,09:31:06,8915,8913,8915,4580,6,
,09:31:07,8915,8913,8915,4580,6,
,09:31:07,8915,8913,8915,4580,6,
,09:31:08,8915,8913,8915,4580,6,
,09:31:09,8916,8913,8914,4588,8,
,09:31:10,8916,8913,8914,4588,8,
,09:31:10,8916,8913,8915,4593,5,
,09:31:11,8916,8913,8915,4599,6,
,09:31:12,8916,8913,8915,4603,4,
,09:31:13,8916,8913,8915,4603,4,
,09:31:13,8916,8913,8916,4606,3,
,09:31:14,8916,8913,8916,4606,3,
,09:31:14,8916,8913,8915,4608,2,
,09:31:15,8916,8913,8915,4608,2,
,09:31:16,8916,8913,8916,4615,7,
,09:31:17,8916,8913,8916,4615,7,
,09:31:17,8916,8913,8915,4617,2,
,09:31:18,8916,8913,8915,4617,2,
,09:31:19,8916,8913,8915,4617,2,
,09:31:19,8916,8912,8913,4630,13,
,09:31:20,8916,8912,8913,4630,13,
,09:31:20,8916,8912,8913,4639,9,
,09:31:21,8916,8912,8913,4639,9,
,09:31:21,8916,8911,8912,4656,17,
,09:31:22,8916,8911,8912,4656,17,
,09:31:23,8916,8911,8911,4657,1,
,09:31:24,8916,8911,8911,4661,4,
,09:31:25,8916,8911,8911,4661,4,
,09:31:25,8916,8911,8911,4663,2,
,09:31:26,8916,8911,8912,4666,3,
,09:31:26,8916,8911,8912,4668,2,
,09:31:27,8916,8911,8912,4670,2,
,09:31:28,8916,8911,8912,4670,2,
,09:31:29,8916,8911,8912,4670,2,
,09:31:30,8916,8911,8912,4671,1,
,09:31:30,8916,8911,8914,4673,2,
,09:31:31,8916,8911,8914,4673,2,
,09:31:31,8916,8911,8912,4678,5,
,09:31:32,8916,8911,8912,4678,5,
,09:31:32,8916,8911,8911,4679,1,
,09:31:33,8916,8911,8911,4680,1,
,09:31:33,8916,8911,8911,4681,1,
,09:31:34,8916,8911,8911,4681,1,
,09:31:34,8916,8908,8908,4687,6,
,09:31:35,8916,8908,8908,4687,6,
,09:31:35,8916,8908,8908,4689,2,
,09:31:36,8916,8908,8908,4689,2,
,09:31:36,8916,8908,8909,4693,4,
,09:31:37,8916,8908,8909,4693,4,
,09:31:37,8916,8908,8909,4694,1,
,09:31:38,8916,8908,8909,4694,1,
,09:31:38,8916,8908,8908,4695,1,
,09:31:39,8916,8908,8908,4695,1,
,09:31:39,8916,8908,8908,4695,1,
,09:31:40,8916,8907,8907,4702,7,
,09:31:41,8916,8907,8907,4705,3,
,09:31:42,8916,8907,8907,4705,3,
,09:31:42,8916,8907,8907,4705,3,
,09:31:43,8916,8907,8908,4711,6,
,09:31:44,8916,8907,8908,4711,6,
,09:31:44,8916,8907,8908,4713,2,
,09:31:46,8916,8907,8908,4713,2,
,09:31:48,8916,8907,8908,4713,2,
,09:31:48,8916,8907,8907,4714,1,
,09:31:49,8916,8907,8907,4714,1,
,09:31:49,8916,8906,8906,4720,6,
,09:31:50,8916,8906,8906,4720,6,
,09:31:50,8916,8905,8906,4723,3,
,09:31:51,8916,8905,8905,4724,1,
,09:31:51,8916,8905,8906,4725,1,
,09:31:52,8916,8905,8906,4725,1,
,09:31:52,8916,8905,8907,4729,4,
,09:31:53,8916,8905,8907,4729,4,
,09:31:54,8916,8905,8907,4729,4,
,09:31:55,8916,8905,8907,4729,4,
,09:31:55,8916,8905,8907,4729,4,
,09:31:56,8916,8902,8902,4765,36,
,09:31:57,8916,8902,8902,4765,36,
,09:31:57,8916,8902,8903,4766,1,
,09:31:58,8916,8902,8902,4767,1,
,09:31:58,8916,8901,8901,4772,5,
,09:31:59,8916,8901,8901,4772,5,
,09:31:59,8916,8901,8902,4777,5,
,09:32:00,8902,8902,8902,4777,5,
,09:32:00,8902,8901,8901,4778,1,
,09:32:01,8902,8901,8901,4778,1,
,09:32:01,8903,8901,8903,4788,10,
,09:32:02,8903,8901,8903,4788,10,
,09:32:02,8903,8901,8903,4798,10,
,09:32:03,8903,8901,8903,4798,10,
,09:32:03,8903,8901,8902,4799,1,
,09:32:04,8903,8901,8902,4799,1,
,09:32:04,8903,8901,8901,4807,8,
,09:32:05,8903,8901,8901,4807,8,
,09:32:05,8903,8898,8899,4821,14,
,09:32:06,8903,8898,8899,4821,14,
,09:32:06,8903,8898,8898,4822,1,
,09:32:07,8903,8898,8898,4822,1,
,09:32:07,8903,8898,8899,4839,17,
,09:32:08,8903,8898,8899,4839,17,
,09:32:08,8903,8898,8899,4843,4,
,09:32:09,8903,8898,8899,4843,4,
,09:32:09,8903,8898,8898,4858,15,
,09:32:10,8903,8898,8898,4858,15,
,09:32:10,8903,8897,8897,4865,7,
,09:32:11,8903,8897,8897,4865,7,
,09:32:11,8903,8897,8897,4867,2,
,09:32:12,8903,8897,8897,4868,1,
,09:32:12,8903,8897,8897,4868,1,
,09:32:13,8903,8897,8897,4868,1,
,09:32:14,8903,8893,8893,4922,54,
,09:32:15,8903,8893,8893,4923,1,
,09:32:15,8903,8893,8893,4926,3,
,09:32:16,8903,8893,8893,4926,3,
,09:32:16,8903,8893,8894,4932,6,
,09:32:17,8903,8893,8894,4932,6,
,09:32:17,8903,8893,8897,4936,4,
,09:32:18,8903,8893,8896,4938,2,
,09:32:18,8903,8893,8895,4942,4,
,09:32:19,8903,8893,8895,4942,4,
,09:32:19,8903,8893,8896,4943,1,
,09:32:20,8903,8893,8895,4953,10,
,09:32:21,8903,8893,8895,4954,1,
,09:32:21,8903,8893,8895,4957,3,
,09:32:22,8903,8893,8895,4957,3,
,09:32:23,8903,8893,8895,4957,3,
,09:32:24,8903,8893,8895,4957,3,
,09:32:25,8903,8893,8895,4958,1,
,09:32:25,8903,8893,8895,4960,2,
,09:32:26,8903,8893,8894,4964,4,
,09:32:27,8903,8893,8894,4973,9,
,09:32:28,8903,8893,8894,4974,1,
,09:32:29,8903,8893,8894,4974,1,
,09:32:29,8903,8893,8895,4975,1,
,09:32:30,8903,8893,8895,4975,1,
,09:32:31,8903,8893,8895,4975,1,
,09:32:31,8903,8893,8894,4983,8,
,09:32:32,8903,8893,8894,4983,8,
,09:32:32,8903,8893,8894,4984,1,
,09:32:33,8903,8893,8894,4984,1,
,09:32:33,8903,8893,8896,4988,4,
,09:32:34,8903,8893,8896,4988,4,
,09:32:34,8903,8893,8896,5002,14,
,09:32:35,8903,8893,8896,5002,14,
,09:32:36,8903,8893,8896,5002,14,
,09:32:36,8903,8893,8897,5003,1,
,09:32:37,8903,8893,8897,5003,1,
,09:32:38,8903,8893,8897,5003,1,
,09:32:39,8903,8893,8897,5003,1,
,09:32:39,8903,8893,8897,5005,2,
,09:32:40,8903,8893,8897,5005,2,
,09:32:41,8903,8893,8897,5005,2,
,09:32:42,8903,8893,8897,5006,1,
,09:32:42,8903,8893,8897,5006,1,
,09:32:44,8903,8893,8897,5006,1,
,09:32:46,8903,8893,8897,5008,2,
,09:32:46,8903,8893,8897,5010,2,
,09:32:47,8903,8893,8895,5027,17,
,09:32:48,8903,8893,8896,5040,13,
,09:32:48,8903,8893,8899,5049,9,
,09:32:49,8903,8893,8899,5050,1,
,09:32:49,8903,8893,8900,5052,2,
,09:32:50,8903,8893,8900,5052,2,
,09:32:50,8903,8893,8899,5055,3,
,09:32:51,8903,8893,8899,5055,3,
,09:32:51,8903,8893,8900,5056,1,
,09:32:52,8903,8893,8900,5056,1,
,09:32:52,8903,8893,8900,5069,13,
,09:32:53,8903,8893,8900,5069,13,
,09:32:53,8903,8893,8900,5069,13,
,09:32:54,8903,8893,8900,5069,13,
,09:32:54,8903,8893,8899,5073,4,
,09:32:55,8903,8893,8899,5073,4,
,09:32:55,8903,8893,8899,5073,4,
,09:32:56,8903,8893,8900,5080,7,
,09:32:57,8903,8893,8900,5082,2,
,09:32:57,8903,8893,8900,5139,57,
,09:32:58,8903,8893,8900,5139,57,
,09:32:58,8903,8893,8900,5157,18,
,09:32:59,8903,8893,8900,5157,18,
,09:32:59,8903,8893,8900,5167,10,
,09:33:00,8900,8900,8900,5170,3,
,09:33:00,8900,8899,8899,5177,7,
,09:33:01,8901,8899,8901,5185,8,
,09:33:02,8901,8899,8901,5185,8,
,09:33:02,8901,8899,8900,5198,13,
,09:33:03,8901,8899,8901,5223,25,
,09:33:04,8901,8899,8901,5223,25,
,09:33:04,8901,8899,8900,5239,16,
,09:33:05,8901,8899,8900,5239,16,
,09:33:05,8901,8899,8900,5239,16,
,09:33:07,8905,8899,8904,5288,49,
,09:33:08,8905,8899,8903,5290,2,
,09:33:08,8906,8899,8904,5313,23,
,09:33:09,8906,8899,8904,5313,23,
,09:33:09,8906,8899,8904,5339,26,
,09:33:10,8906,8899,8904,5339,26,
,09:33:10,8907,8899,8907,5355,16,
,09:33:11,8907,8899,8907,5355,16,
,09:33:11,8908,8899,8908,5361,6,
,09:33:12,8908,8899,8908,5361,6,
,09:33:13,8908,8899,8908,5361,6,
,09:33:13,8908,8899,8906,5371,10,
,09:33:14,8908,8899,8906,5371,10,
,09:33:14,8908,8899,8904,5373,2,
,09:33:15,8908,8899,8904,5373,2,
,09:33:15,8908,8899,8903,5375,2,
,09:33:16,8908,8899,8903,5376,1,
,09:33:17,8908,8899,8903,5376,1,
,09:33:17,8908,8899,8906,5381,5,
,09:33:18,8908,8899,8907,5383,2,
,09:33:19,8908,8899,8907,5383,2,
,09:33:19,8908,8899,8905,5387,4,
,09:33:20,8908,8899,8905,5387,4,
,09:33:20,8908,8899,8904,5390,3,
,09:33:21,8908,8899,8904,5390,3,
,09:33:21,8908,8899,8904,5390,3,
,09:33:22,8908,8899,8904,5390,3,
,09:33:23,8908,8899,8904,5390,3,
,09:33:24,8908,8899,8905,5391,1,
,09:33:24,8908,8899,8903,5392,1,
,09:33:25,8908,8899,8903,5395,3,
,09:33:25,8908,8899,8904,5396,1,
,09:33:26,8908,8899,8904,5396,1,
,09:33:26,8908,8899,8903,5398,2,
,09:33:27,8908,8899,8903,5398,2,
,09:33:27,8908,8899,8903,5400,2,
,09:33:28,8908,8899,8904,5401,1,
,09:33:28,8908,8899,8904,5401,1,
,09:33:29,8908,8899,8907,5410,9,
,09:33:30,8908,8899,8907,5410,9,
,09:33:30,8908,8899,8908,5411,1,
,09:33:31,8908,8899,8908,5413,2,
,09:33:31,8909,8899,8906,5421,8,
,09:33:32,8909,8899,8906,5421,8,
,09:33:32,8909,8899,8908,5423,2,
,09:33:33,8909,8899,8908,5423,2,
,09:33:34,8909,8899,8908,5423,2,
,09:33:34,8909,8899,8907,5425,2,
,09:33:35,8909,8899,8907,5425,2,
,09:33:36,8909,8899,8907,5425,2,
,09:33:36,8909,8899,8907,5425,2,
,09:33:37,8909,8899,8907,5431,6,
,09:33:38,8909,8899,8907,5431,6,
,09:33:39,8909,8899,8907,5431,6,
,09:33:39,8909,8899,8906,5433,2,
,09:33:40,8909,8899,8906,5433,2,
,09:33:40,8909,8899,8906,5434,1,
,09:33:42,8909,8899,8906,5434,1,
,09:33:42,8909,8899,8906,5434,1,
,09:33:43,8909,8899,8906,5434,1,
,09:33:44,8909,8899,8906,5434,1,
,09:33:47,8909,8899,8905,5436,2,
,09:33:48,8909,8899,8905,5436,2,
,09:33:49,8909,8899,8906,5446,10,
,09:33:50,8909,8899,8905,5457,11,
,09:33:50,8909,8899,8904,5472,15,
,09:33:51,8909,8899,8903,5474,2,
,09:33:52,8909,8899,8903,5475,1,
,09:33:52,8909,8899,8904,5479,4,
,09:33:53,8909,8899,8904,5479,4,
,09:33:54,8909,8899,8904,5479,4,
,09:33:55,8909,8899,8904,5479,4,
,09:33:56,8909,8899,8904,5479,4,
,09:33:57,8909,8899,8904,5479,4,
,09:33:58,8909,8899,8904,5494,15,
,09:33:59,8909,8899,8904,5494,15,
,09:33:59,8909,8899,8904,5495,1,
,09:34:00,8904,8904,8904,5495,1,
,09:34:01,8907,8904,8907,5501,6,
,09:34:02,8907,8904,8907,5501,6,
,09:34:02,8908,8904,8907,5504,3,
,09:34:03,8908,8904,8907,5504,3,
,09:34:04,8908,8904,8907,5504,3,
,09:34:05,8908,8904,8907,5504,3,
,09:34:06,8908,8904,8905,5513,9,
,09:34:07,8908,8904,8905,5513,9,
,09:34:07,8908,8904,8906,5515,2,
,09:34:08,8908,8904,8906,5515,2,
,09:34:08,8908,8904,8906,5515,2,
,09:34:09,8908,8904,8906,5515,2,
,09:34:10,8908,8904,8906,5515,2,
,09:34:12,8908,8904,8905,5546,31,
,09:34:13,8908,8904,8906,5551,5,
,09:34:14,8908,8904,8906,5551,5,
,09:34:14,8908,8904,8905,5581,30,
,09:34:15,8908,8904,8905,5581,30,
,09:34:15,8908,8904,8905,5583,2,
,09:34:16,8908,8904,8905,5583,2,
,09:34:17,8908,8904,8906,5587,4,
,09:34:18,8908,8904,8906,5587,4,
,09:34:18,8908,8904,8904,5593,6,
,09:34:19,8908,8900,8900,5619,26,
,09:34:20,8908,8900,8900,5619,26,
,09:34:20,8908,8900,8900,5620,1,
,09:34:21,8908,8900,8900,5620,1,
,09:34:22,8908,8899,8899,5621,1,
,09:34:23,8908,8899,8899,5622,1,
,09:34:23,8908,8899,8899,5624,2,
,09:34:24,8908,8896,8897,5640,16,
,09:34:25,8908,8896,8897,5640,16,
,09:34:25,8908,8896,8897,5643,3,
,09:34:26,8908,8896,8897,5643,3,
,09:34:27,8908,8896,8900,5652,9,
,09:34:28,8908,8896,8900,5652,9,
,09:34:28,8908,8896,8902,5654,2,
,09:34:29,8908,8896,8902,5654,2,
,09:34:30,8908,8896,8903,5657,3,
,09:34:30,8908,8896,8902,5661,4,
,09:34:31,8908,8896,8902,5661,4,
,09:34:31,8908,8896,8903,5671,10,
,09:34:32,8908,8896,8903,5671,10,
,09:34:32,8908,8896,8899,5685,14,
,09:34:33,8908,8896,8899,5685,14,
,09:34:33,8908,8896,8899,5685,14,
,09:34:34,8908,8896,8900,5687,2,
,09:34:35,8908,8896,8900,5687,2,
,09:34:35,8908,8896,8901,5688,1,
,09:34:36,8908,8896,8901,5688,1,
,09:34:36,8908,8896,8900,5699,11,
,09:34:37,8908,8896,8901,5701,2,
,09:34:37,8908,8896,8902,5703,2,
,09:34:38,8908,8896,8902,5703,2,
,09:34:39,8908,8896,8903,5705,2,
,09:34:40,8908,8896,8904,5722,17,
,09:34:41,8908,8896,8902,5723,1,
,09:34:42,8908,8896,8902,5723,1,
,09:34:42,8908,8896,8904,5725,2,
,09:34:43,8908,8896,8903,5726,1,
,09:34:43,8908,8896,8903,5727,1,
,09:34:44,8908,8896,8904,5728,1,
,09:34:45,8908,8896,8904,5728,1,
,09:34:46,8908,8896,8904,5728,1,
,09:34:46,8908,8896,8905,5746,18,
,09:34:47,8908,8896,8905,5746,18,
,09:34:47,8908,8896,8905,5749,3,
,09:34:48,8908,8896,8905,5752,3,
,09:34:49,8908,8896,8904,5753,1,
,09:34:49,8908,8896,8904,5759,6,
,09:34:50,8908,8896,8903,5762,3,
,09:34:52,8908,8896,8903,5762,3,
,09:34:53,8908,8896,8903,5762,3,
,09:34:54,8908,8896,8903,5762,3,
,09:34:54,8908,8896,8902,5763,1,
,09:34:55,8908,8896,8902,5763,1,
,09:34:56,8908,8896,8902,5763,1,
,09:34:56,8908,8896,8900,5765,2,
,09:34:58,8908,8896,8900,5765,2,
,09:34:58,8908,8896,8899,5778,13,
,09:34:59,8908,8896,8899,5778,13,
,09:34:59,8908,8896,8899,5780,2,
,09:35:00,8899,8899,8899,5781,1,
,09:35:00,8902,8899,8902,5790,9,
,09:35:01,8902,8899,8902,5790,9,
,09:35:01,8902,8898,8898,5799,9,
,09:35:02,8902,8898,8899,5803,4,
,09:35:03,8902,8898,8900,5809,6,
,09:35:04,8902,8898,8900,5809,6,
,09:35:05,8902,8898,8900,5809,6,
,09:35:05,8902,8898,8900,5811,2,
,09:35:06,8902,8898,8900,5811,2,
,09:35:06,8902,8898,8900,5811,2,
,09:35:08,8902,8898,8900,5813,2,
,09:35:09,8902,8898,8899,5817,4,
,09:35:09,8902,8897,8897,5826,9,
,09:35:10,8902,8896,8896,5832,6,
,09:35:11,8902,8896,8896,5832,6,
,09:35:11,8902,8896,8896,5835,3,
,09:35:12,8902,8896,8896,5835,3,
,09:35:12,8902,8896,8896,5835,3,
,09:35:13,8902,8896,8897,5837,2,
,09:35:14,8902,8896,8898,5845,8,
,09:35:15,8902,8896,8898,5845,8,
,09:35:16,8902,8896,8898,5845,8,
,09:35:16,8902,8896,8897,5847,2,
,09:35:17,8902,8896,8897,5847,2,
,09:35:17,8902,8896,8898,5848,1,
,09:35:18,8902,8896,8898,5848,1,
,09:35:18,8902,8896,8898,5848,1,
,09:35:19,8902,8896,8898,5848,1,
,09:35:19,8902,8896,8897,5851,3,
,09:35:20,8902,8896,8898,5855,4,
,09:35:21,8902,8896,8898,5855,4,
,09:35:21,8902,8896,8899,5857,2,
,09:35:22,8902,8896,8899,5857,2,
,09:35:24,8902,8896,8901,5893,36,
,09:35:25,8902,8896,8901,5893,36,
,09:35:25,8902,8896,8901,5893,36,
,09:35:26,8902,8896,8901,5893,36,
,09:35:26,8902,8896,8901,5894,1,
,09:35:27,8902,8896,8900,5895,1,
,09:35:28,8902,8896,8900,5895,1,
,09:35:28,8902,8896,8899,5896,1,
,09:35:29,8902,8896,8899,5896,1,
,09:35:30,8902,8896,8899,5896,1,
,09:35:31,8902,8896,8900,5900,4,
,09:35:31,8902,8896,8899,5902,2,
,09:35:32,8902,8896,8899,5902,2,
,09:35:32,8902,8896,8901,5904,2,
,09:35:35,8902,8896,8902,5906,2,
,09:35:36,8902,8896,8901,5907,1,
,09:35:36,8902,8896,8900,5908,1,
,09:35:37,8902,8896,8900,5912,4,
,09:35:38,8902,8896,8900,5912,4,
,09:35:38,8902,8896,8900,5913,1,
,09:35:39,8902,8896,8900,5913,1,
,09:35:40,8902,8896,8900,5913,1,
,09:35:41,8902,8896,8900,5913,1,
,09:35:41,8902,8896,8902,5914,1,
,09:35:43,8902,8896,8902,5915,1,
,09:35:43,8903,8896,8902,5919,4,
,09:35:44,8903,8896,8902,5919,4,
,09:35:45,8903,8896,8902,5920,1,
,09:35:46,8903,8896,8902,5920,1,
,09:35:46,8903,8896,8901,5932,12,
,09:35:47,8903,8896,8901,5932,12,
,09:35:47,8903,8896,8900,5934,2,
,09:35:48,8903,8896,8901,5935,1,
,09:35:49,8903,8896,8900,5936,1,
,09:35:49,8903,8896,8901,5938,2,
,09:35:50,8903,8896,8901,5938,2,
,09:35:50,8903,8896,8899,5943,5,
,09:35:51,8903,8896,8899,5943,5,
,09:35:52,8903,8896,8901,5955,12,
,09:35:53,8903,8896,8903,5964,9,
,09:35:54,8903,8896,8903,5964,9,
,09:35:55,8903,8896,8900,5976,12,
,09:35:56,8903,8896,8900,5976,12,
,09:35:57,8903,8896,8900,5976,12,
,09:35:58,8903,8896,8901,5977,1,
,09:35:58,8903,8896,8902,5981,4,
,09:35:59,8903,8896,8902,5981,4,
,09:36:00,8902,8902,8902,5982,1,
,09:36:00,8902,8901,8901,5984,2,
,09:36:01,8902,8900,8900,5985,1,
,09:36:02,8902,8900,8900,5985,1,
,09:36:03,8902,8900,8900,5985,1,
,09:36:03,8903,8900,8903,5989,4,
,09:36:04,8903,8900,8903,5989,4,
,09:36:04,8903,8900,8902,5992,3,
,09:36:05,8903,8900,8902,5992,3,
,09:36:06,8903,8900,8902,5992,3,
,09:36:06,8903,8900,8902,5992,3,
,09:36:07,8903,8900,8902,5992,3,
,09:36:08,8903,8900,8902,5994,2,
,09:36:09,8903,8900,8902,5994,2,
,09:36:09,8903,8900,8902,5994,2,
,09:36:11,8903,8900,8902,5994,2,
,09:36:11,8903,8900,8902,6006,12,
,09:36:12,8903,8900,8902,6006,12,
,09:36:13,8903,8900,8902,6006,12,
,09:36:13,8903,8900,8900,6010,4,
,09:36:14,8903,8900,8900,6010,4,
,09:36:14,8903,8898,8898,6013,3,
,09:36:15,8903,8898,8898,6015,2,
,09:36:16,8903,8898,8898,6015,2,
,09:36:17,8903,8898,8898,6016,1,
,09:36:18,8903,8898,8898,6016,1,
,09:36:18,8903,8898,8899,6018,2,
,09:36:19,8903,8898,8899,6018,2,
,09:36:20,8903,8898,8899,6018,2,
,09:36:21,8903,8898,8899,6020,2,
,09:36:22,8903,8898,8899,6020,2,
,09:36:22,8903,8898,8898,6022,2,
,09:36:23,8903,8898,8898,6022,2,
,09:36:24,8903,8898,8898,6023,1,
,09:36:25,8903,8898,8898,6023,1,
,09:36:26,8903,8898,8900,6024,1,
,09:36:26,8903,8898,8900,6026,2,
,09:36:27,8903,8898,8901,6030,4,
,09:36:28,8903,8898,8901,6030,4,
,09:36:28,8903,8898,8901,6031,1,
,09:36:29,8903,8898,8901,6033,2,
,09:36:30,8903,8898,8901,6033,2,
,09:36:30,8903,8898,8901,6034,1,
,09:36:31,8903,8898,8901,6034,1,
,09:36:32,8903,8898,8901,6034,1,
,09:36:32,8903,8898,8900,6035,1,
,09:36:33,8903,8898,8900,6035,1,
,09:36:34,8903,8898,8900,6035,1,
,09:36:34,8903,8898,8900,6036,1,
,09:36:35,8903,8897,8897,6052,16,
,09:36:36,8903,8896,8896,6053,1,
,09:36:36,8903,8896,8896,6056,3,
,09:36:37,8903,8896,8896,6059,3,
,09:36:37,8903,8896,8896,6059,3,
,09:36:38,8903,8896,8896,6059,3,
,09:36:39,8903,8896,8896,6059,3,
,09:36:40,8903,8896,8896,6059,3,
,09:36:40,8903,8896,8896,6059,3,
,09:36:41,8903,8896,8896,6059,3,
,09:36:41,8903,8896,8897,6060,1,
,09:36:42,8903,8896,8897,6060,1,
,09:36:43,8903,8896,8898,6070,10,
,09:36:44,8903,8896,8898,6070,10,
,09:36:44,8903,8896,8899,6081,11,
,09:36:45,8903,8896,8899,6083,2,
,09:36:46,8903,8896,8899,6083,2,
,09:36:47,8903,8896,8899,6083,2,
,09:36:48,8903,8896,8899,6083,2,
,09:36:48,8903,8896,8898,6086,3,
,09:36:49,8903,8896,8898,6086,3,
,09:36:50,8903,8896,8898,6086,3,
,09:36:50,8903,8896,8901,6104,18,
,09:36:51,8903,8896,8901,6104,18,
,09:36:51,8903,8896,8899,6105,1,
,09:36:53,8903,8896,8899,6105,1,
,09:36:53,8903,8896,8900,6106,1,
,09:36:54,8903,8896,8900,6106,1,
,09:36:54,8903,8896,8900,6107,1,
,09:36:55,8903,8896,8900,6107,1,
,09:36:56,8903,8896,8900,6107,1,
,09:36:56,8903,8896,8900,6108,1,
,09:36:57,8903,8896,8900,6120,12,
,09:36:58,8903,8896,8900,6120,12,
,09:36:58,8903,8896,8900,6120,12,
,09:36:59,8903,8896,8900,6120,12,
,09:36:59,8903,8896,8900,6121,1,
,09:37:00,8900,8900,8900,6121,1,
,09:37:02,8900,8900,8900,6121,1,
,09:37:03,8900,8900,8900,6121,1,
,09:37:03,8901,8900,8900,6131,10,
,09:37:05,8901,8900,8900,6132,1,
,09:37:05,8901,8900,8900,6132,1,
,09:37:06,8901,8900,8900,6132,1,
,09:37:07,8901,8900,8900,6132,1,
,09:37:10,8901,8900,8901,6133,1,
,09:37:11,8901,8900,8901,6133,1,
,09:37:12,8901,8900,8900,6134,1,
,09:37:13,8901,8900,8900,6134,1,
,09:37:13,8901,8899,8899,6138,4,
,09:37:14,8901,8899,8899,6138,4,
,09:37:15,8901,8899,8899,6138,4,
,09:37:16,8901,8899,8899,6138,4,
,09:37:17,8901,8895,8895,6156,18,
,09:37:18,8901,8895,8895,6156,18,
,09:37:18,8901,8894,8896,6161,5,
,09:37:19,8901,8894,8896,6161,5,
,09:37:19,8901,8894,8897,6166,5,
,09:37:20,8901,8894,8897,6166,5,
,09:37:20,8901,8894,8897,6167,1,
,09:37:21,8901,8894,8897,6167,1,
,09:37:22,8901,8894,8897,6167,1,
,09:37:22,8901,8894,8897,6169,2,
,09:37:23,8901,8894,8897,6169,2,
,09:37:24,8901,8894,8897,6169,2,
,09:37:25,8901,8894,8897,6169,2,
,09:37:25,8901,8894,8895,6170,1,
,09:37:26,8901,8894,8895,6170,1,
,09:37:26,8901,8894,8894,6171,1,
,09:37:27,8901,8894,8894,6171,1,
,09:37:28,8901,8894,8894,6171,1,
,09:37:29,8901,8894,8894,6171,1,
,09:37:30,8901,8894,8894,6171,1,
,09:37:31,8901,8894,8897,6176,5,
,09:37:31,8901,8894,8896,6177,1,
,09:37:32,8901,8894,8898,6178,1,
,09:37:33,8901,8894,8898,6179,1,
,09:37:33,8901,8894,8898,6184,5,
,09:37:34,8901,8894,8898,6184,5,
,09:37:35,8901,8894,8898,6184,5,
,09:37:35,8901,8894,8896,6185,1,
,09:37:36,8901,8894,8896,6185,1,
,09:37:36,8901,8894,8895,6192,7,
,09:37:37,8901,8894,8895,6192,7,
,09:37:38,8901,8894,8895,6192,7,
,09:37:39,8901,8894,8895,6192,7,
,09:37:40,8901,8894,8895,6192,7,
,09:37:40,8901,8892,8892,6203,11,
,09:37:41,8901,8892,8893,6208,5,
,09:37:43,8901,8892,8893,6208,5,
,09:37:44,8901,8892,8893,6208,5,
,09:37:44,8901,8892,8892,6213,5,
,09:37:45,8901,8892,8892,6213,5,
,09:37:45,8901,8892,8893,6214,1,
,09:37:46,8901,8892,8893,6216,2,
,09:37:46,8901,8892,8892,6223,7,
,09:37:47,8901,8892,8892,6223,7,
,09:37:47,8901,8892,8892,6229,6,
,09:37:48,8901,8892,8892,6229,6,
,09:37:48,8901,8891,8891,6234,5,
,09:37:49,8901,8891,8891,6234,5,
,09:37:49,8901,8891,8892,6235,1,
,09:37:50,8901,8891,8892,6235,1,
,09:37:50,8901,8890,8891,6240,5,
,09:37:51,8901,8890,8891,6240,5,
,09:37:51,8901,8890,8892,6241,1,
,09:37:52,8901,8890,8892,6241,1,
,09:37:52,8901,8890,8891,6242,1,
,09:37:53,8901,8890,8891,6243,1,
,09:37:55,8901,8890,8891,6243,1,
,09:37:56,8901,8890,8891,6245,2,
,09:37:56,8901,8890,8892,6247,2,
,09:37:57,8901,8890,8892,6247,2,
,09:37:57,8901,8890,8891,6248,1,
,09:37:58,8901,8890,8891,6248,1,
,09:37:58,8901,8890,8891,6249,1,
,09:37:59,8901,8890,8890,6253,4,
,09:38:00,8889,8887,8887,6275,22,
,09:38:01,8889,8886,8886,6277,2,
,09:38:01,8889,8886,8886,6292,15,
,09:38:02,8889,8885,8885,6295,3,
,09:38:03,8889,8884,8884,6303,8,
,09:38:04,8889,8882,8882,6329,26,
,09:38:05,8889,8882,8882,6333,4,
,09:38:06,8889,8882,8882,6333,4,
,09:38:06,8889,8882,8882,6335,2,
,09:38:07,8889,8882,8882,6335,2,
,09:38:07,8889,8882,8882,6340,5,
,09:38:08,8889,8882,8882,6341,1,
,09:38:08,8889,8882,8882,6342,1,
,09:38:09,8889,8881,8882,6346,4,
,09:38:10,8889,8881,8883,6352,6,
,09:38:11,8889,8881,8883,6358,6,
,09:38:12,8889,8881,8883,6358,6,
,09:38:12,8889,8881,8883,6363,5,
,09:38:13,8889,8881,8883,6363,5,
,09:38:13,8889,8881,8883,6368,5,
,09:38:14,8889,8881,8883,6368,5,
,09:38:14,8889,8881,8883,6369,1,
,09:38:15,8889,8881,8883,6369,1,
,09:38:16,8889,8881,8883,6371,2,
,09:38:16,8889,8881,8884,6372,1,
,09:38:17,8889,8881,8884,6372,1,
,09:38:17,8889,8881,8884,6380,8,
,09:38:18,8889,8881,8884,6380,8,
,09:38:18,8889,8881,8884,6380,8,
,09:38:19,8889,8881,8884,6380,8,
,09:38:19,8889,8879,8879,6411,31,
,09:38:20,8889,8879,8879,6412,1,
,09:38:20,8889,8879,8880,6417,5,
,09:38:21,8889,8879,8880,6417,5,
,09:38:21,8889,8879,8882,6418,1,
,09:38:22,8889,8879,8883,6424,6,
,09:38:22,8889,8879,8885,6446,22,
,09:38:23,8889,8879,8885,6450,4,
,09:38:23,8889,8879,8884,6451,1,
,09:38:24,8889,8879,8884,6451,1,
,09:38:25,8889,8879,8885,6452,1,
,09:38:26,8889,8879,8885,6456,4,
,09:38:27,8889,8879,8885,6456,4,
,09:38:28,8889,8879,8883,6459,3,
,09:38:29,8889,8879,8883,6459,3,
,09:38:30,8889,8879,8883,6459,3,
,09:38:31,8889,8879,8883,6459,3,
,09:38:32,8889,8879,8883,6462,3,
,09:38:32,8889,8879,8884,6465,3,
,09:38:33,8889,8879,8884,6466,1,
,09:38:33,8889,8879,8883,6467,1,
,09:38:34,8889,8879,8884,6468,1,
,09:38:34,8889,8879,8884,6468,1,
,09:38:36,8889,8879,8884,6468,1,
,09:38:37,8889,8879,8884,6468,1,
,09:38:38,8889,8879,8884,6472,4,
,09:38:39,8889,8879,8884,6472,4,
,09:38:39,8889,8879,8884,6472,4,
,09:38:41,8889,8879,8886,6474,2,
,09:38:41,8889,8879,8886,6480,6,
,09:38:42,8889,8879,8886,6481,1,
,09:38:42,8889,8879,8886,6484,3,
,09:38:43,8889,8879,8886,6484,3,
,09:38:44,8889,8879,8887,6486,2,
,09:38:44,8889,8879,8886,6489,3,
,09:38:45,8889,8879,8886,6489,3,
,09:38:45,8889,8879,8887,6491,2,
,09:38:46,8889,8879,8887,6491,2,
,09:38:46,8889,8879,8888,6495,4,
,09:38:47,8889,8879,8888,6495,4,
,09:38:48,8889,8879,8888,6495,4,
,09:38:49,8889,8879,8887,6499,4,
,09:38:50,8889,8879,8887,6499,4,
,09:38:50,8889,8879,8886,6505,6,
,09:38:51,8889,8879,8886,6505,6,
,09:38:51,8889,8879,8885,6506,1,
,09:38:52,8889,8879,8885,6506,1,
,09:38:52,8889,8879,8885,6511,5,
,09:38:53,8889,8879,8885,6511,5,
,09:38:53,8889,8879,8884,6513,2,
,09:38:54,8889,8879,8884,6513,2,
,09:38:54,8889,8879,8884,6514,1,
,09:38:56,8889,8879,8884,6514,1,
,09:38:56,8889,8879,8881,6519,5,
,09:38:57,8889,8879,8881,6519,5,
,09:38:58,8889,8879,8884,6533,14,
,09:39:00,8885,8885,8885,6541,8,
,09:39:01,8885,8885,8885,6545,4,
,09:39:01,8885,8885,8885,6549,4,
,09:39:02,8885,8885,8885,6549,4,
,09:39:02,8886,8885,8886,6550,1,
,09:39:03,8886,8885,8886,6552,2,
,09:39:03,8886,8885,8886,6554,2,
,09:39:04,8886,8885,8886,6554,2,
,09:39:05,8886,8885,8886,6554,2,
,09:39:05,8886,8885,8885,6556,2,
,09:39:06,8886,8885,8885,6556,2,
,09:39:06,8886,8885,8886,6557,1,
,09:39:07,8886,8885,8886,6557,1,
,09:39:08,8886,8884,8884,6558,1,
,09:39:09,8886,8884,8884,6558,1,
,09:39:09,8886,8884,8884,6560,2,
,09:39:10,8886,8884,8884,6560,2,
,09:39:11,8886,8882,8882,6563,3,
,09:39:11,8886,8882,8883,6565,2,
,09:39:12,8887,8882,8884,6616,51,
,09:39:13,8887,8882,8884,6616,51,
,09:39:13,8888,8882,8888,6634,18,
,09:39:14,8889,8882,8889,6636,2,
,09:39:14,8890,8882,8889,6654,18,
,09:39:15,8890,8882,8889,6656,2,
,09:39:15,8890,8882,8888,6660,4,
,09:39:16,8890,8882,8888,6660,4,
,09:39:16,8890,8882,8887,6662,2,
,09:39:17,8890,8882,8887,6662,2,
,09:39:18,8890,8882,8887,6662,2,
,09:39:18,8890,8882,8887,6663,1,
,09:39:19,8890,8882,8887,6701,38,
,09:39:20,8890,8882,8887,6701,38,
,09:39:20,8890,8882,8887,6702,1,
,09:39:21,8890,8882,8887,6702,1,
,09:39:21,8890,8882,8887,6702,1,
,09:39:22,8890,8882,8887,6702,1,
,09:39:23,8890,8882,8887,6702,1,
,09:39:24,8890,8882,8887,6702,1,
,09:39:24,8890,8882,8886,6723,21,
,09:39:25,8890,8882,8886,6723,21,
,09:39:25,8890,8882,8886,6727,4,
,09:39:26,8890,8882,8886,6727,4,
,09:39:26,8890,8882,8885,6733,6,
,09:39:27,8890,8882,8885,6733,6,
,09:39:27,8890,8882,8885,6733,6,
,09:39:28,8890,8882,8885,6744,11,
,09:39:29,8890,8882,8885,6744,11,
,09:39:29,8890,8882,8885,6746,2,
,09:39:30,8890,8882,8886,6748,2,
,09:39:31,8890,8882,8887,6753,5,
,09:39:32,8890,8882,8887,6753,5,
,09:39:32,8890,8882,8887,6753,5,
,09:39:33,8890,8882,8887,6753,5,
,09:39:33,8890,8882,8885,6774,21,
,09:39:34,8890,8882,8885,6779,5,
,09:39:35,8890,8882,8885,6779,5,
,09:39:36,8890,8882,8885,6780,1,
,09:39:38,8890,8882,8885,6781,1,
,09:39:39,8890,8882,8884,6782,1,
,09:39:39,8890,8882,8884,6785,3,
,09:39:40,8890,8882,8884,6785,3,
,09:39:41,8890,8882,8884,6785,3,
,09:39:42,8890,8882,8884,6785,3,
,09:39:42,8890,8882,8884,6807,22,
,09:39:43,8890,8882,8884,6807,22,
,09:39:44,8890,8882,8886,6820,13,
,09:39:44,8890,8882,8886,6822,2,
,09:39:45,8890,8882,8886,6822,2,
,09:39:45,8890,8882,8886,6822,2,
,09:39:46,8890,8882,8886,6824,2,
,09:39:46,8890,8882,8884,6842,18,
,09:39:47,8890,8882,8884,6842,18,
,09:39:47,8890,8882,8884,6842,18,
,09:39:48,8890,8882,8884,6842,18,
,09:39:49,8890,8882,8886,6845,3,
,09:39:50,8890,8882,8886,6845,3,
,09:39:50,8890,8882,8884,6870,25,
,09:39:51,8890,8882,8884,6870,25,
,09:39:51,8890,8882,8884,6875,5,
,09:39:52,8890,8882,8884,6875,5,
,09:39:53,8890,8882,8884,6875,5,
,09:39:53,8890,8882,8884,6876,1,
,09:39:54,8890,8882,8884,6876,1,
,09:39:54,8890,8882,8884,6876,1,
,09:39:55,8890,8882,8884,6876,1,
,09:39:56,8890,8882,8885,6883,7,
,09:39:58,8890,8882,8885,6883,7,
,09:39:58,8890,8882,8886,6887,4,
,09:39:59,8890,8882,8886,6887,4,
,09:40:00,8886,8886,8886,6887,4,
,09:40:01,8886,8886,8886,6891,4,
,09:40:02,8886,8886,8886,6894,3,
,09:40:02,8886,8886,8886,6896,2,
,09:40:03,8887,8886,8887,6901,5,
,09:40:03,8887,8886,8887,6904,3,
,09:40:04,8888,8886,8888,6906,2,
,09:40:05,8890,8886,8890,6933,27,
,09:40:06,8892,8886,8892,6939,6,
,09:40:07,8892,8886,8892,6940,1,
,09:40:07,8894,8886,8894,6963,23,
,09:40:08,8896,8886,8896,6989,26,
,09:40:09,8896,8886,8895,6993,4,
,09:40:10,8896,8886,8894,6996,3,
,09:40:10,8896,8886,8894,7008,12,
,09:40:11,8896,8886,8893,7011,3,
,09:40:12,8896,8886,8891,7013,2,
,09:40:13,8896,8886,8891,7015,2,
,09:40:14,8896,8886,8891,7015,2,
,09:40:15,8896,8886,8889,7021,6,
,09:40:16,8896,8886,8890,7024,3,
,09:40:17,8896,8886,8889,7025,1,
,09:40:18,8896,8886,8889,7026,1,
,09:40:19,8896,8886,8889,7026,1,
,09:40:19,8896,8886,8889,7027,1,
,09:40:20,8896,8886,8888,7030,3,
,09:40:20,8896,8886,8888,7040,10,
,09:40:21,8896,8886,8888,7040,10,
,09:40:22,8896,8886,8888,7040,10,
,09:40:22,8896,8886,8890,7043,3,
,09:40:23,8896,8886,8890,7043,3,
,09:40:24,8896,8886,8890,7044,1,
,09:40:25,8896,8886,8890,7044,1,
,09:40:25,8896,8886,8891,7047,3,
,09:40:26,8896,8886,8891,7047,3,
,09:40:26,8896,8886,8892,7048,1,
,09:40:27,8896,8886,8892,7049,1,
,09:40:28,8896,8886,8894,7080,31,
,09:40:29,8896,8886,8894,7080,31,
,09:40:29,8896,8886,8893,7085,5,
,09:40:30,8896,8886,8892,7086,1,
,09:40:31,8896,8886,8894,7087,1,
,09:40:32,8896,8886,8894,7087,1,
,09:40:33,8896,8886,8894,7089,2,
,09:40:33,8896,8886,8894,7089,2,
,09:40:34,8896,8886,8895,7100,11,
,09:40:35,8896,8886,8895,7101,1,
,09:40:35,8896,8886,8894,7114,13,
,09:40:36,8896,8886,8894,7114,13,
,09:40:36,8896,8886,8896,7127,13,
,09:40:37,8896,8886,8895,7128,1,
,09:40:38,8896,8886,8895,7128,1,
,09:40:38,8896,8886,8896,7129,1,
,09:40:39,8896,8886,8896,7129,1,
,09:40:40,8896,8886,8896,7129,1,
,09:40:40,8896,8886,8896,7130,1,
,09:40:41,8896,8886,8896,7130,1,
,09:40:44,8897,8886,8897,7136,6,
,09:40:45,8897,8886,8897,7136,6,
,09:40:46,8897,8886,8896,7140,4,
,09:40:47,8897,8886,8895,7141,1,
,09:40:47,8897,8886,8895,7150,9,
,09:40:48,8897,8886,8895,7150,9,
,09:40:49,8897,8886,8895,7150,9,
,09:40:49,8897,8886,8895,7151,1,
,09:40:50,8897,8886,8895,7151,1,
,09:40:50,8897,8886,8894,7152,1,
,09:40:51,8897,8886,8894,7152,1,
,09:40:51,8897,8886,8894,7156,4,
,09:40:52,8897,8886,8894,7156,4,
,09:40:52,8897,8886,8894,7157,1,
,09:40:53,8897,8886,8894,7157,1,
,09:40:53,8897,8886,8894,7160,3,
,09:40:54,8897,8886,8894,7160,3,
,09:40:54,8897,8886,8894,7161,1,
,09:40:55,8897,8886,8894,7162,1,
,09:40:55,8897,8886,8893,7163,1,
,09:40:56,8897,8886,8893,7163,1,
,09:40:56,8897,8886,8893,7163,1,
,09:40:57,8897,8886,8893,7163,1,
,09:40:58,8897,8886,8893,7164,1,
,09:40:58,8897,8886,8893,7164,1,
,09:40:59,8897,8886,8893,7164,1,
,09:40:59,8897,8886,8892,7165,1,
,09:41:00,8892,8892,8892,7165,1,
,09:41:00,8892,8892,8892,7165,1,
,09:41:01,8893,8892,8893,7166,1,
,09:41:02,8893,8892,8893,7166,1,
,09:41:03,8893,8892,8893,7167,1,
,09:41:03,8893,8892,8893,7167,1,
,09:41:04,8894,8892,8894,7168,1,
,09:41:05,8894,8892,8894,7168,1,
,09:41:06,8894,8892,8894,7168,1,
,09:41:07,8894,8892,8894,7168,1,
,09:41:09,8894,8892,8894,7172,4,
,09:41:10,8894,8892,8894,7174,2,
,09:41:11,8894,8892,8893,7175,1,
,09:41:12,8894,8892,8893,7175,1,
,09:41:12,8894,8892,8893,7185,10,
,09:41:13,8894,8892,8893,7185,10,
,09:41:14,8894,8892,8893,7185,10,
,09:41:15,8894,8892,8893,7185,10,
,09:41:15,8894,8892,8892,7186,1,
,09:41:16,8894,8892,8892,7186,1,
,09:41:17,8894,8891,8891,7187,1,
,09:41:17,8894,8890,8890,7200,13,
,09:41:18,8894,8890,8890,7201,1,
,09:41:19,8894,8890,8890,7201,1,
,09:41:20,8894,8890,8890,7201,1,
,09:41:21,8894,8890,8890,7201,1,
,09:41:21,8894,8890,8890,7201,1,
,09:41:23,8894,8890,8891,7204,3,
,09:41:24,8894,8890,8892,7206,2,
,09:41:25,8894,8890,8891,7213,7,
,09:41:26,8894,8890,8891,7213,7,
,09:41:27,8894,8890,8893,7215,2,
,09:41:28,8894,8890,8893,7215,2,
,09:41:29,8894,8890,8893,7215,2,
,09:41:29,8894,8890,8894,7217,2,
,09:41:30,8894,8890,8894,7218,1,
,09:41:31,8894,8890,8894,7218,1,
,09:41:31,8894,8890,8894,7218,1,
,09:41:32,8894,8890,8894,7218,1,
,09:41:33,8894,8890,8894,7218,1,
,09:41:33,8894,8890,8894,7218,1,
,09:41:34,8894,8890,8894,7218,1,
,09:41:35,8894,8890,8894,7218,1,
,09:41:35,8894,8890,8894,7219,1,
,09:41:36,8894,8890,8894,7219,1,
,09:41:37,8894,8890,8893,7221,2,
,09:41:38,8894,8890,8892,7227,6,
,09:41:39,8894,8890,8892,7227,6,
,09:41:40,8894,8890,8892,7227,6,
,09:41:40,8894,8890,8892,7227,6,
,09:41:41,8894,8890,8892,7227,6,
,09:41:42,8894,8890,8892,7227,6,
,09:41:42,8894,8890,8892,7227,6,
,09:41:43,8894,8890,8892,7227,6,
,09:41:44,8894,8890,8892,7227,6,
,09:41:44,8894,8890,8893,7233,6,
,09:41:45,8894,8890,8893,7233,6,
,09:41:45,8894,8890,8894,7234,1,
,09:41:47,8894,8890,8893,7236,2,
,09:41:48,8894,8890,8893,7237,1,
,09:41:48,8894,8890,8893,7243,6,
,09:41:49,8894,8890,8893,7243,6,
,09:41:50,8894,8890,8893,7243,6,
,09:41:51,8894,8890,8893,7243,6,
,09:41:51,8894,8890,8891,7246,3,
,09:41:52,8894,8890,8891,7247,1,
,09:41:52,8894,8890,8890,7250,3,
,09:41:53,8894,8890,8891,7251,1,
,09:41:53,8894,8890,8892,7253,2,
,09:41:54,8894,8890,8892,7253,2,
,09:41:55,8894,8890,8892,7253,2,
,09:41:56,8894,8890,8893,7256,3,
,09:41:57,8894,8890,8893,7256,3,
,09:41:58,8894,8890,8894,7257,1,
,09:41:59,8895,8890,8895,7266,9,
,09:42:00,8895,8895,8895,7266,9,
,09:42:01,8895,8895,8895,7266,9,
,09:42:01,8895,8895,8895,7267,1,
,09:42:02,8895,8895,8895,7267,1,
,09:42:03,8896,8895,8896,7269,2,
,09:42:03,8897,8895,8897,7275,6,
,09:42:04,8897,8895,8897,7275,6,
,09:42:04,8897,8895,8895,7276,1,
,09:42:05,8897,8895,8895,7276,1,
,09:42:05,8897,8895,8895,7277,1,
,09:42:06,8897,8895,8895,7277,1,
,09:42:07,8897,8895,8895,7277,1,
,09:42:07,8897,8895,8897,7281,4,
,09:42:08,8897,8895,8897,7281,4,
,09:42:08,8898,8895,8898,7293,12,
,09:42:09,8898,8895,8897,7294,1,
,09:42:09,8899,8895,8899,7300,6,
,09:42:10,8899,8895,8898,7301,1,
,09:42:10,8899,8895,8897,7310,9,
,09:42:11,8899,8895,8897,7310,9,
,09:42:11,8899,8895,8896,7311,1,
,09:42:12,8899,8895,8896,7312,1,
,09:42:12,8899,8895,8896,7313,1,
,09:42:13,8899,8895,8896,7313,1,
,09:42:13,8899,8895,8897,7318,5,
,09:42:14,8899,8895,8897,7318,5,
,09:42:14,8899,8895,8899,7333,15,
,09:42:15,8900,8895,8900,7338,5,
,09:42:16,8900,8895,8900,7338,5,
,09:42:16,8900,8895,8898,7342,4,
,09:42:17,8900,8895,8898,7342,4,
,09:42:18,8900,8895,8898,7342,4,
,09:42:18,8900,8895,8896,7346,4,
,09:42:19,8900,8895,8896,7346,4,
,09:42:19,8900,8895,8896,7347,1,
,09:42:20,8900,8895,8897,7348,1,
,09:42:20,8900,8895,8897,7351,3,
,09:42:21,8900,8895,8897,7362,11,
,09:42:22,8900,8895,8895,7363,1,
,09:42:22,8900,8895,8895,7364,1,
,09:42:23,8900,8895,8895,7364,1,
,09:42:23,8900,8894,8894,7365,1,
,09:42:24,8900,8894,8894,7365,1,
,09:42:25,8900,8894,8894,7365,1,
,09:42:26,8900,8894,8894,7365,1,
,09:42:27,8900,8894,8894,7365,1,
,09:42:28,8900,8894,8894,7365,1,
,09:42:29,8900,8894,8894,7365,1,
,09:42:29,8900,8894,8894,7365,1,
,09:42:30,8900,8894,8894,7365,1,
,09:42:32,8900,8894,8894,7365,1,
,09:42:32,8900,8894,8896,7368,3,
,09:42:33,8900,8894,8896,7368,3,
,09:42:34,8900,8894,8896,7368,3,
,09:42:35,8900,8894,8896,7368,3,
,09:42:36,8900,8894,8896,7368,3,
,09:42:36,8900,8894,8896,7369,1,
,09:42:37,8900,8894,8896,7369,1,
,09:42:38,8900,8894,8896,7369,1,
,09:42:39,8900,8894,8896,7369,1,
,09:42:40,8900,8894,8896,7369,1,
,09:42:41,8900,8894,8895,7372,3,
,09:42:42,8900,8894,8895,7373,1,
,09:42:42,8900,8894,8894,7374,1,
,09:42:43,8900,8894,8894,7374,1,
,09:42:43,8900,8894,8894,7374,1,
,09:42:44,8900,8894,8894,7375,1,
,09:42:45,8900,8892,8892,7399,24,
,09:42:46,8900,8892,8892,7399,24,
,09:42:46,8900,8892,8893,7401,2,
,09:42:47,8900,8892,8893,7401,2,
,09:42:48,8900,8892,8893,7401,2,
,09:42:49,8900,8892,8893,7401,2,
,09:42:52,8900,8892,8894,7412,11,
,09:42:53,8900,8892,8894,7412,11,
,09:42:54,8900,8892,8894,7412,11,
,09:42:55,8900,8892,8894,7412,11,
,09:42:55,8900,8892,8894,7412,11,
,09:42:56,8900,8892,8897,7417,5,
,09:42:57,8900,8892,8899,7431,14,
,09:42:58,8900,8892,8899,7431,14,
,09:42:59,8900,8892,8899,7431,14,
,09:42:59,8900,8892,8899,7438,7,
,09:43:00,8898,8898,8898,7440,2,
,09:43:00,8898,8898,8898,7443,3,
,09:43:01,8898,8898,8898,7443,3,
,09:43:01,8898,8895,8895,7447,4,
,09:43:02,8898,8895,8895,7447,4,
,09:43:02,8898,8894,8896,7458,11,
,09:43:03,8898,8894,8896,7458,11,
,09:43:03,8898,8894,8898,7462,4,
,09:43:04,8898,8894,8898,7462,4,
,09:43:05,8899,8894,8899,7466,4,
,09:43:05,8899,8894,8898,7472,6,
,09:43:06,8900,8894,8900,7473,1,
,09:43:07,8900,8894,8900,7473,1,
,09:43:07,8900,8894,8898,7483,10,
,09:43:08,8900,8894,8898,7483,10,
,09:43:10,8900,8894,8898,7483,10,
,09:43:10,8900,8894,8898,7485,2,
,09:43:11,8900,8894,8898,7485,2,
,09:43:12,8900,8894,8898,7485,2,
,09:43:12,8900,8894,8898,7485,2,
,09:43:13,8900,8894,8899,7486,1,
,09:43:13,8900,8894,8898,7489,3,
,09:43:14,8900,8894,8898,7489,3,
,09:43:15,8900,8894,8898,7489,3,
,09:43:15,8900,8894,8899,7492,3,
,09:43:16,8900,8894,8899,7492,3,
,09:43:17,8900,8894,8899,7492,3,
,09:43:18,8900,8894,8898,7495,3,
,09:43:18,8900,8894,8898,7497,2,
,09:43:19,8900,8894,8898,7497,2,
,09:43:20,8900,8894,8898,7497,2,
,09:43:20,8900,8894,8900,7502,5,
,09:43:21,8900,8894,8900,7508,6,
,09:43:22,8900,8894,8900,7508,6,
,09:43:23,8900,8894,8900,7508,6,
,09:43:24,8900,8894,8899,7521,13,
,09:43:25,8900,8894,8899,7521,13,
,09:43:27,8900,8894,8899,7521,13,
,09:43:28,8900,8894,8899,7521,13,
,09:43:28,8900,8894,8899,7521,13,
,09:43:29,8900,8894,8899,7521,13,
,09:43:30,8900,8894,8899,7521,13,
,09:43:30,8900,8894,8900,7527,6,
,09:43:31,8900,8894,8900,7527,6,
,09:43:32,8900,8894,8900,7528,1,
,09:43:32,8900,8894,8899,7529,1,
,09:43:33,8900,8894,8900,7543,14,
,09:43:34,8900,8894,8900,7544,1,
,09:43:34,8901,8894,8901,7554,10,
,09:43:35,8901,8894,8901,7555,1,
,09:43:35,8901,8894,8900,7559,4,
,09:43:36,8901,8894,8900,7559,4,
,09:43:37,8901,8894,8901,7560,1,
,09:43:38,8901,8894,8901,7566,6,
,09:43:39,8901,8894,8900,7570,4,
,09:43:40,8901,8894,8900,7570,4,
,09:43:41,8901,8894,8901,7575,5,
,09:43:42,8901,8894,8901,7575,5,
,09:43:43,8901,8894,8901,7575,5,
,09:43:44,8901,8894,8901,7575,5,
,09:43:46,8901,8894,8901,7575,5,
,09:43:46,8901,8894,8901,7587,12,
,09:43:48,8901,8894,8900,7591,4,
,09:43:49,8901,8894,8900,7591,4,
,09:43:49,8901,8894,8898,7600,9,
,09:43:50,8901,8894,8898,7601,1,
,09:43:50,8901,8894,8898,7601,1,
,09:43:51,8901,8894,8898,7601,1,
,09:43:52,8901,8894,8898,7601,1,
,09:43:52,8901,8894,8898,7603,2,
,09:43:53,8901,8894,8897,7609,6,
,09:43:53,8901,8894,8897,7610,1,
,09:43:54,8901,8894,8897,7610,1,
,09:43:54,8901,8894,8898,7618,8,
,09:43:55,8901,8894,8898,7618,8,
,09:43:55,8901,8894,8898,7619,1,
,09:43:56,8901,8894,8898,7619,1,
,09:43:56,8901,8894,8898,7620,1,
,09:43:57,8901,8894,8898,7620,1,
,09:43:57,8901,8894,8899,7621,1,
,09:43:58,8901,8894,8899,7621,1,
,09:43:59,8901,8894,8899,7621,1,
,09:44:00,8899,8899,8899,7621,1,
,09:44:00,8901,8899,8901,7622,1,
,09:44:02,8901,8899,8899,7626,4,
,09:44:03,8901,8898,8898,7643,17,
,09:44:04,8901,8898,8898,7643,17,
,09:44:05,8901,8897,8897,7644,1,
,09:44:05,8901,8897,8897,7646,2,
,09:44:06,8901,8897,8897,7646,2,
,09:44:07,8901,8897,8897,7646,2,
,09:44:08,8901,8896,8896,7647,1,
,09:44:09,8901,8896,8896,7649,2,
,09:44:10,8901,8896,8896,7649,2,
,09:44:11,8901,8896,8896,7649,2,
,09:44:11,8901,8895,8895,7653,4,
,09:44:12,8901,8895,8895,7654,1,
,09:44:12,8901,8895,8896,7658,4,
,09:44:13,8901,8895,8896,7667,9,
,09:44:14,8901,8895,8896,7667,9,
,09:44:14,8901,8895,8896,7669,2,
,09:44:15,8901,8895,8896,7669,2,
,09:44:15,8901,8895,8898,7675,6,
,09:44:16,8901,8895,8898,7675,6,
,09:44:17,8901,8895,8898,7675,6,
,09:44:18,8901,8895,8898,7675,6,
,09:44:19,8901,8895,8898,7675,6,
,09:44:20,8901,8895,8898,7675,6,
,09:44:20,8901,8895,8898,7677,2,
,09:44:21,8901,8895,8898,7677,2,
,09:44:22,8901,8895,8899,7680,3,
,09:44:23,8901,8895,8897,7690,10,
,09:44:24,8901,8895,8896,7694,4,
,09:44:25,8901,8895,8896,7694,4,
,09:44:25,8901,8895,8895,7706,12,
,09:44:26,8901,8895,8895,7706,12,
,09:44:26,8901,8895,8896,7708,2,
,09:44:27,8901,8895,8897,7709,1,
,09:44:28,8901,8895,8897,7709,1,
,09:44:29,8901,8895,8898,7710,1,
,09:44:29,8901,8895,8899,7719,9,
,09:44:30,8901,8895,8899,7719,9,
,09:44:30,8901,8895,8899,7723,4,
,09:44:31,8901,8895,8899,7723,4,
,09:44:32,8901,8895,8897,7735,12,
,09:44:33,8901,8895,8896,7760,25,
,09:44:34,8901,8895,8896,7760,25,
,09:44:34,8901,8895,8898,7763,3,
,09:44:35,8901,8895,8898,7763,3,
,09:44:36,8901,8895,8898,7763,3,
,09:44:36,8901,8895,8898,7763,3,
,09:44:37,8901,8895,8898,7770,7,
,09:44:38,8901,8895,8898,7770,7,
,09:44:39,8901,8895,8898,7770,7,
,09:44:41,8901,8895,8898,7770,7,
,09:44:42,8901,8895,8898,7770,7,
,09:44:43,8901,8895,8898,7770,7,
,09:44:44,8901,8895,8898,7770,7,
,09:44:45,8901,8895,8897,7772,2,
,09:44:45,8901,8895,8895,7778,6,
,09:44:46,8901,8895,8895,7779,1,
,09:44:46,8901,8895,8896,7786,7,
,09:44:47,8901,8895,8896,7786,7,
,09:44:48,8901,8895,8895,7792,6,
,09:44:49,8901,8895,8895,7792,6,
,09:44:50,8901,8895,8895,7792,6,
,09:44:51,8901,8895,8895,7792,6,
,09:44:52,8901,8895,8895,7792,6,
,09:44:52,8901,8895,8897,7812,20,
,09:44:53,8901,8895,8897,7812,20,
,09:44:54,8901,8895,8897,7812,20,
,09:44:54,8901,8895,8895,7817,5,
,09:44:55,8901,8895,8895,7817,5,
,09:44:55,8901,8895,8895,7818,1,
,09:44:56,8901,8895,8895,7818,1,
,09:44:57,8901,8895,8897,7819,1,
,09:44:57,8901,8895,8895,7824,5,
,09:44:58,8901,8895,8895,7825,1,
,09:44:59,8901,8894,8894,7832,7,
,09:45:00,8894,8894,8894,7832,7,
,09:45:00,8894,8894,8894,7841,9,
,09:45:01,8895,8893,8893,7856,15,
,09:45:02,8895,8892,8892,7857,1,
,09:45:02,8895,8892,8893,7868,11,
,09:45:03,8895,8891,8892,7876,8,
,09:45:04,8895,8891,8891,7877,1,
,09:45:04,8895,8890,8890,7891,14,
,09:45:05,8895,8890,8890,7893,2,
,09:45:06,8895,8890,8890,7893,2,
,09:45:06,8895,8890,8890,7894,1,
,09:45:07,8895,8890,8890,7895,1,
,09:45:07,8895,8890,8890,7904,9,
,09:45:08,8895,8890,8890,7904,9,
,09:45:08,8895,8890,8891,7906,2,
,09:45:09,8895,8890,8892,7909,3,
,09:45:09,8895,8890,8892,7914,5,
,09:45:10,8895,8890,8892,7915,1,
,09:45:11,8895,8890,8892,7915,1,
,09:45:11,8895,8890,8893,7918,3,
,09:45:12,8895,8890,8893,7918,3,
,09:45:12,8895,8890,8893,7919,1,
,09:45:13,8895,8890,8893,7919,1,
,09:45:13,8895,8890,8892,7930,11,
,09:45:14,8895,8890,8892,7930,11,
,09:45:14,8895,8890,8892,7931,1,
,09:45:15,8895,8890,8892,7931,1,
,09:45:15,8895,8890,8891,7935,4,
,09:45:16,8895,8889,8890,7956,21,
,09:45:17,8895,8889,8890,7956,21,
,09:45:17,8895,8887,8887,7971,15,
,09:45:18,8895,8887,8887,7979,8,
,09:45:19,8895,8887,8888,7980,1,
,09:45:19,8895,8887,8888,7982,2,
,09:45:20,8895,8887,8888,7982,2,
,09:45:20,8895,8887,8889,7986,4,
,09:45:21,8895,8887,8890,7990,4,
,09:45:22,8895,8887,8890,8005,15,
,09:45:24,8895,8887,8890,8005,15,
,09:45:24,8895,8887,8889,8008,3,
,09:45:25,8895,8887,8888,8013,5,
,09:45:26,8895,8887,8888,8013,5,
,09:45:26,8895,8887,8887,8014,1,
,09:45:27,8895,8887,8887,8015,1,
,09:45:27,8895,8887,8887,8022,7,
,09:45:28,8895,8887,8887,8022,7,
,09:45:28,8895,8886,8886,8030,8,
,09:45:29,8895,8886,8886,8030,8,
,09:45:30,8895,8886,8886,8030,8,
,09:45:30,8895,8886,8887,8031,1,
,09:45:31,8895,8886,8887,8031,1,
,09:45:31,8895,8886,8887,8031,1,
,09:45:32,8895,8886,8887,8031,1,
,09:45:33,8895,8886,8888,8033,2,
,09:45:33,8895,8886,8889,8047,14,
,09:45:34,8895,8886,8889,8047,14,
,09:45:35,8895,8886,8889,8050,3,
,09:45:35,8895,8886,8888,8052,2,
,09:45:36,8895,8886,8888,8052,2,
,09:45:36,8895,8886,8889,8053,1,
,09:45:37,8895,8886,8889,8054,1,
,09:45:38,8895,8886,8889,8054,1,
,09:45:39,8895,8886,8888,8060,6,
,09:45:40,8895,8886,8888,8060,6,
,09:45:40,8895,8886,8887,8070,10,
,09:45:41,8895,8886,8887,8070,10,
,09:45:41,8895,8886,8887,8071,1,
,09:45:42,8895,8886,8887,8071,1,
,09:45:43,8895,8886,8887,8074,3,
,09:45:44,8895,8886,8887,8076,2,
,09:45:45,8895,8886,8887,8076,2,
,09:45:45,8895,8886,8888,8077,1,
,09:45:46,8895,8886,8888,8077,1,
,09:45:46,8895,8886,8888,8078,1,
,09:45:47,8895,8886,8888,8078,1,
,09:45:48,8895,8886,8888,8081,3,
,09:45:49,8895,8886,8888,8081,3,
,09:45:51,8895,8886,8888,8081,3,
,09:45:52,8895,8886,8888,8081,3,
,09:45:52,8895,8886,8886,8092,11,
,09:45:53,8895,8886,8886,8092,11,
,09:45:53,8895,8886,8886,8096,4,
,09:45:54,8895,8886,8886,8096,4,
,09:45:54,8895,8886,8886,8096,4,
,09:45:55,8895,8886,8886,8097,1,
,09:45:56,8895,8886,8886,8097,1,
,09:45:57,8895,8885,8885,8098,1,
,09:45:58,8895,8885,8886,8099,1,
,09:45:59,8895,8885,8886,8101,2,
,09:46:00,8887,8887,8887,8102,1,
,09:46:00,8888,8887,8888,8105,3,
,09:46:01,8888,8887,8888,8105,3,
,09:46:01,8890,8887,8888,8119,14,
,09:46:02,8890,8887,8888,8119,14,
,09:46:03,8890,8887,8888,8119,14,
,09:46:03,8890,8887,8889,8121,2,
,09:46:04,8890,8887,8889,8121,2,
,09:46:04,8890,8887,8889,8121,2,
,09:46:05,8890,8887,8889,8122,1,
,09:46:06,8890,8887,8889,8122,1,
,09:46:06,8890,8887,8889,8123,1,
,09:46:07,8890,8887,8889,8123,1,
,09:46:08,8890,8887,8889,8123,1,
,09:46:08,8890,8887,8889,8128,5,
,09:46:09,8890,8885,8885,8140,12,
,09:46:10,8890,8885,8885,8141,1,
,09:46:11,8890,8885,8885,8141,1,
,09:46:11,8890,8885,8886,8142,1,
,09:46:12,8890,8885,8886,8142,1,
,09:46:13,8890,8885,8886,8142,1,
,09:46:14,8890,8885,8886,8148,6,
,09:46:15,8890,8885,8886,8148,6,
,09:46:15,8890,8885,8885,8151,3,
,09:46:16,8890,8885,8885,8151,3,
,09:46:17,8890,8884,8884,8162,11,
,09:46:18,8890,8884,8884,8163,1,
,09:46:19,8890,8884,8884,8164,1,
,09:46:20,8890,8884,8884,8164,1,
,09:46:21,8890,8884,8884,8164,1,
,09:46:21,8890,8884,8887,8168,4,
,09:46:22,8890,8884,8887,8168,4,
,09:46:22,8890,8884,8887,8168,4,
,09:46:23,8890,8884,8887,8168,4,
,09:46:25,8890,8884,8886,8170,2,
,09:46:26,8890,8884,8886,8170,2,
,09:46:26,8890,8884,8886,8171,1,
,09:46:28,8890,8884,8886,8172,1,
,09:46:29,8890,8884,8886,8172,1,
,09:46:29,8890,8884,8887,8174,2,
,09:46:30,8890,8884,8887,8174,2,
,09:46:30,8890,8884,8887,8186,12,
,09:46:31,8890,8884,8887,8186,12,
,09:46:32,8890,8884,8887,8186,12,
,09:46:33,8890,8884,8887,8186,12,
,09:46:34,8890,8884,8887,8186,12,
,09:46:34,8890,8884,8887,8188,2,
,09:46:35,8890,8884,8887,8188,2,
,09:46:35,8890,8884,8888,8199,11,
,09:46:36,8890,8884,8888,8199,11,
,09:46:37,8890,8884,8888,8199,11,
,09:46:37,8890,8884,8887,8202,3,
,09:46:38,8890,8884,8887,8202,3,
,09:46:39,8890,8884,8887,8202,3,
,09:46:39,8890,8884,8887,8203,1,
,09:46:40,8890,8884,8886,8207,4,
,09:46:40,8890,8884,8887,8208,1,
,09:46:41,8890,8884,8887,8208,1,
,09:46:41,8890,8884,8889,8238,30,
,09:46:42,8890,8884,8889,8238,30,
,09:46:42,8890,8884,8889,8242,4,
,09:46:43,8890,8884,8889,8242,4,
,09:46:44,8890,8884,8889,8242,4,
,09:46:45,8890,8884,8889,8242,4,
,09:46:46,8890,8884,8889,8242,4,
,09:46:46,8890,8884,8889,8242,4,
,09:46:48,8890,8884,8889,8242,4,
,09:46:48,8890,8884,8888,8243,1,
,09:46:49,8890,8884,8888,8251,8,
,09:46:51,8890,8884,8887,8252,1,
,09:46:52,8890,8884,8886,8255,3,
,09:46:53,8890,8884,8886,8255,3,
,09:46:53,8890,8884,8884,8262,7,
,09:46:54,8890,8884,8884,8262,7,
,09:46:54,8890,8882,8882,8288,26,
,09:46:55,8890,8881,8881,8295,7,
,09:46:55,8890,8881,8884,8304,9,
,09:46:56,8890,8881,8884,8305,1,
,09:46:56,8890,8881,8884,8306,1,
,09:46:57,8890,8881,8884,8306,1,
,09:46:57,8890,8881,8884,8307,1,
,09:46:58,8890,8881,8884,8307,1,
,09:46:59,8890,8881,8884,8307,1,
,09:46:59,8890,8881,8883,8315,8,
,09:47:00,8883,8883,8883,8315,8,
,09:47:00,8883,8882,8882,8317,2,
,09:47:01,8883,8882,8882,8317,2,
,09:47:01,8883,8880,8880,8325,8,
,09:47:02,8883,8879,8880,8328,3,
,09:47:03,8883,8879,8880,8341,13,
,09:47:04,8883,8879,8880,8341,13,
,09:47:04,8883,8879,8879,8342,1,
,09:47:05,8883,8879,8879,8344,2,
,09:47:05,8883,8878,8878,8351,7,
,09:47:06,8883,8878,8878,8352,1,
,09:47:06,8883,8878,8879,8356,4,
,09:47:07,8883,8878,8879,8356,4,
,09:47:08,8883,8878,8879,8356,4,
,09:47:09,8883,8878,8879,8356,4,
,09:47:09,8883,8878,8879,8356,4,
,09:47:10,8883,8878,8879,8356,4,
,09:47:11,8883,8878,8879,8356,4,
,09:47:11,8883,8878,8882,8357,1,
,09:47:12,8883,8878,8881,8371,14,
,09:47:13,8883,8878,8881,8371,14,
,09:47:13,8883,8878,8882,8372,1,
,09:47:14,8883,8878,8882,8373,1,
,09:47:15,8885,8878,8884,8410,37,
,09:47:16,8885,8878,8884,8411,1,
,09:47:17,8886,8878,8886,8412,1,
,09:47:17,8886,8878,8886,8415,3,
,09:47:18,8887,8878,8887,8417,2,
,09:47:18,8888,8878,8888,8425,8,
,09:47:19,8888,8878,8887,8431,6,
,09:47:20,8888,8878,8887,8431,6,
,09:47:20,8888,8878,8887,8438,7,
,09:47:21,8888,8878,8887,8440,2,
,09:47:22,8888,8878,8887,8441,1,
,09:47:22,8888,8878,8886,8449,8,
,09:47:23,8888,8878,8886,8450,1,
,09:47:23,8888,8878,8888,8457,7,
,09:47:24,8888,8878,8888,8458,1,
,09:47:24,8888,8878,8888,8460,2,
,09:47:25,8888,8878,8888,8463,3,
,09:47:25,8890,8878,8890,8499,36,
,09:47:26,8890,8878,8890,8499,36,
,09:47:26,8890,8878,8890,8505,6,
,09:47:27,8890,8878,8890,8506,1,
,09:47:27,8890,8878,8889,8511,5,
,09:47:28,8890,8878,8889,8511,5,
,09:47:28,8890,8878,8889,8523,12,
,09:47:29,8890,8878,8889,8523,12,
,09:47:30,8890,8878,8890,8527,4,
,09:47:31,8890,8878,8890,8528,1,
,09:47:32,8890,8878,8890,8528,1,
,09:47:32,8890,8878,8889,8532,4,
,09:47:33,8890,8878,8889,8533,1,
,09:47:33,8890,8878,8888,8534,1,
,09:47:34,8890,8878,8888,8538,4,
,09:47:34,8890,8878,8888,8543,5,
,09:47:35,8890,8878,8888,8543,5,
,09:47:36,8890,8878,8888,8547,4,
,09:47:37,8890,8878,8888,8548,1,
,09:47:37,8890,8878,8888,8552,4,
,09:47:38,8890,8878,8888,8552,4,
,09:47:39,8890,8878,8889,8557,5,
,09:47:40,8890,8878,8889,8557,5,
,09:47:40,8891,8878,8891,8587,30,
,09:47:41,8891,8878,8890,8599,12,
,09:47:42,8891,8878,8890,8599,12,
,09:47:42,8891,8878,8889,8602,3,
,09:47:44,8891,8878,8888,8608,6,
,09:47:45,8891,8878,8888,8608,6,
,09:47:46,8891,8878,8888,8609,1,
,09:47:46,8891,8878,8889,8614,5,
,09:47:48,8891,8878,8889,8614,5,
,09:47:49,8891,8878,8889,8614,5,
,09:47:50,8891,8878,8889,8614,5,
,09:47:51,8891,8878,8888,8615,1,
,09:47:51,8891,8878,8887,8630,15,
,09:47:52,8891,8878,8888,8645,15,
,09:47:53,8891,8878,8888,8645,15,
,09:47:53,8891,8878,8888,8647,2,
,09:47:54,8891,8878,8888,8647,2,
,09:47:55,8891,8878,8888,8647,2,
,09:47:55,8891,8878,8887,8649,2,
,09:47:56,8891,8878,8887,8650,1,
,09:47:57,8891,8878,8886,8656,6,
,09:47:58,8891,8878,8887,8657,1,
,09:47:59,8891,8878,8887,8657,1,
,09:47:59,8891,8878,8887,8657,1,
,09:48:01,8887,8887,8887,8657,1,
,09:48:01,8887,8886,8886,8659,2,
,09:48:02,8887,8886,8886,8661,2,
,09:48:03,8887,8886,8887,8665,4,
,09:48:04,8888,8886,8888,8666,1,
,09:48:05,8888,8886,8888,8667,1,
,09:48:05,8888,8886,8888,8670,3,
,09:48:06,8888,8886,8888,8671,1,
,09:48:06,8888,8886,8888,8672,1,
,09:48:07,8888,8886,8888,8672,1,
,09:48:08,8888,8886,8888,8672,1,
,09:48:08,8888,8886,8888,8673,1,
,09:48:09,8888,8886,8888,8673,1,
,09:48:10,8888,8886,8887,8674,1,
,09:48:10,8888,8886,8887,8677,3,
,09:48:11,8888,8886,8887,8678,1,
,09:48:11,8888,8886,8887,8680,2,
,09:48:12,8888,8886,8887,8681,1,
,09:48:12,8888,8886,8887,8683,2,
,09:48:14,8888,8886,8887,8683,2,
,09:48:15,8888,8886,8887,8686,3,
,09:48:18,8888,8886,8887,8686,3,
,09:48:19,8888,8886,8887,8688,2,
,09:48:20,8888,8886,8887,8688,2,
,09:48:21,8888,8886,8887,8688,2,
,09:48:21,8888,8886,8888,8689,1,
,09:48:22,8888,8886,8888,8689,1,
,09:48:23,8890,8886,8890,8707,18,
,09:48:24,8890,8886,8890,8707,18,
,09:48:25,8890,8886,8890,8707,18,
,09:48:26,8890,8886,8888,8715,8,
,09:48:27,8890,8886,8888,8715,8,
,09:48:27,8890,8886,8888,8718,3,
,09:48:28,8890,8886,8888,8718,3,
,09:48:29,8890,8886,8888,8718,3,
,09:48:29,8890,8886,8889,8720,2,
,09:48:30,8890,8886,8889,8720,2,
,09:48:30,8890,8886,8888,8721,1,
,09:48:31,8890,8886,8888,8721,1,
,09:48:32,8891,8886,8891,8731,10,
,09:48:33,8891,8886,8891,8732,1,
,09:48:34,8891,8886,8891,8732,1,
,09:48:34,8891,8886,8890,8737,5,
,09:48:35,8891,8886,8890,8737,5,
,09:48:35,8891,8886,8890,8740,3,
,09:48:36,8891,8886,8890,8740,3,
,09:48:36,8891,8886,8889,8741,1,
,09:48:37,8891,8886,8889,8741,1,
,09:48:37,8891,8886,8889,8742,1,
,09:48:38,8891,8886,8889,8742,1,
,09:48:39,8891,8886,8889,8742,1,
,09:48:40,8891,8886,8890,8748,6,
,09:48:41,8891,8886,8890,8765,17,
,09:48:42,8891,8886,8890,8766,1,
,09:48:43,8891,8886,8891,8780,14,
,09:48:44,8891,8886,8891,8780,14,
,09:48:44,8892,8886,8891,8787,7,
,09:48:45,8892,8886,8891,8787,7,
,09:48:45,8892,8886,8891,8798,11,
,09:48:46,8892,8886,8891,8798,11,
,09:48:46,8892,8886,8892,8805,7,
,09:48:47,8892,8886,8892,8805,7,
,09:48:48,8892,8886,8892,8806,1,
,09:48:48,8892,8886,8892,8808,2,
,09:48:49,8892,8886,8892,8808,2,
,09:48:49,8892,8886,8892,8809,1,
,09:48:50,8892,8886,8892,8810,1,
,09:48:50,8892,8886,8892,8813,3,
,09:48:51,8892,8886,8892,8813,3,
,09:48:52,8892,8886,8892,8814,1,
,09:48:53,8892,8886,8892,8814,1,
,09:48:53,8892,8886,8891,8819,5,
,09:48:54,8893,8886,8893,8827,8,
,09:48:55,8893,8886,8893,8827,8,
,09:48:55,8893,8886,8893,8829,2,
,09:48:56,8894,8886,8894,8844,15,
,09:48:56,8895,8886,8894,8846,2,
,09:48:57,8895,8886,8894,8846,2,
,09:48:57,8895,8886,8894,8847,1,
,09:48:58,8895,8886,8894,8847,1,
,09:48:58,8895,8886,8893,8848,1,
,09:48:59,8895,8886,8893,8848,1,
,09:48:59,8895,8886,8892,8851,3,
,09:49:00,8892,8892,8892,8851,3,
,09:49:01,8892,8891,8891,8852,1,
,09:49:01,8892,8890,8890,8858,6,
,09:49:02,8892,8890,8890,8858,6,
,09:49:02,8892,8890,8892,8859,1,
,09:49:03,8893,8890,8893,8861,2,
,09:49:03,8893,8890,8892,8866,5,
,09:49:04,8893,8890,8892,8867,1,
,09:49:04,8893,8890,8892,8868,1,
,09:49:05,8893,8890,8893,8869,1,
,09:49:05,8894,8890,8894,8883,14,
,09:49:06,8894,8890,8894,8884,1,
,09:49:06,8894,8890,8894,8884,1,
,09:49:07,8894,8890,8894,8884,1,
,09:49:07,8894,8890,8894,8885,1,
,09:49:08,8894,8890,8893,8889,4,
,09:49:10,8894,8890,8894,8894,5,
,09:49:12,8894,8890,8893,8895,1,
,09:49:12,8894,8890,8893,8895,1,
,09:49:13,8894,8890,8894,8896,1,
,09:49:14,8894,8890,8894,8896,1,
,09:49:14,8894,8890,8892,8901,5,
,09:49:15,8894,8890,8892,8906,5,
,09:49:16,8894,8890,8892,8906,5,
,09:49:17,8894,8890,8892,8906,5,
,09:49:18,8894,8890,8892,8906,5,
,09:49:18,8894,8890,8892,8908,2,
,09:49:19,8894,8890,8892,8908,2,
,09:49:20,8894,8890,8892,8908,2,
,09:49:20,8894,8890,8892,8908,2,
,09:49:22,8894,8890,8892,8908,2,
,09:49:23,8894,8890,8892,8908,2,
,09:49:24,8894,8890,8892,8908,2,
,09:49:24,8894,8890,8892,8908,2,
,09:49:26,8894,8890,8892,8908,2,
,09:49:26,8894,8890,8892,8912,4,
,09:49:27,8894,8890,8892,8912,4,
,09:49:28,8894,8890,8892,8912,4,
,09:49:29,8894,8890,8892,8912,4,
,09:49:29,8894,8890,8894,8920,8,
,09:49:30,8894,8890,8894,8920,8,
,09:49:30,8894,8890,8893,8921,1,
,09:49:31,8894,8890,8894,8923,2,
,09:49:32,8894,8890,8893,8925,2,
,09:49:33,8894,8890,8893,8925,2,
,09:49:34,8894,8890,8893,8926,1,
,09:49:34,8894,8890,8893,8927,1,
,09:49:35,8894,8890,8894,8928,1,
,09:49:36,8894,8890,8894,8928,1,
,09:49:36,8894,8890,8894,8929,1,
,09:49:37,8894,8890,8894,8929,1,
,09:49:37,8897,8890,8897,8970,41,
,09:49:38,8897,8890,8897,8987,17,
,09:49:39,8897,8890,8897,8987,17,
,09:49:39,8898,8890,8898,8997,10,
,09:49:40,8898,8890,8898,8997,10,
,09:49:40,8898,8890,8898,8998,1,
,09:49:41,8898,8890,8897,9000,2,
,09:49:42,8898,8890,8897,9000,2,
,09:49:43,8898,8890,8896,9003,3,
,09:49:44,8898,8890,8896,9003,3,
,09:49:45,8898,8890,8895,9004,1,
,09:49:46,8898,8890,8895,9004,1,
,09:49:47,8898,8890,8895,9004,1,
,09:49:48,8898,8890,8895,9008,4,
,09:49:49,8898,8890,8895,9008,4,
,09:49:49,8898,8890,8895,9008,4,
,09:49:52,8898,8890,8896,9012,4,
,09:49:53,8898,8890,8896,9012,4,
,09:49:54,8898,8890,8897,9015,3,
,09:49:54,8898,8890,8898,9016,1,
,09:49:55,8898,8890,8896,9026,10,
,09:49:56,8898,8890,8896,9027,1,
,09:49:57,8898,8890,8896,9027,1,
,09:49:58,8898,8890,8896,9028,1,
,09:49:58,8898,8890,8896,9028,1,
,09:49:59,8898,8890,8896,9028,1,
,09:49:59,8898,8890,8895,9038,10,
,09:50:00,8895,8895,8895,9038,10,
,09:50:01,8895,8895,8895,9039,1,
,09:50:01,8895,8895,8895,9039,1,
,09:50:02,8898,8895,8898,9051,12,
,09:50:03,8898,8895,8898,9051,12,
,09:50:03,8898,8895,8897,9053,2,
,09:50:04,8898,8895,8897,9053,2,
,09:50:04,8898,8895,8895,9056,3,
,09:50:05,8898,8895,8896,9057,1,
,09:50:06,8898,8895,8895,9060,3,
,09:50:06,8898,8895,8895,9060,3,
,09:50:07,8898,8895,8895,9060,3,
,09:50:08,8898,8895,8895,9060,3,
,09:50:08,8898,8895,8897,9061,1,
,09:50:09,8898,8895,8895,9079,18,
,09:50:10,8898,8895,8895,9079,18,
,09:50:10,8898,8895,8897,9083,4,
,09:50:12,8898,8895,8897,9083,4,
,09:50:13,8898,8895,8897,9083,4,
,09:50:13,8898,8895,8895,9084,1,
,09:50:14,8898,8895,8895,9084,1,
,09:50:15,8898,8895,8895,9084,1,
,09:50:15,8898,8895,8895,9085,1,
,09:50:16,8898,8895,8895,9085,1,
,09:50:17,8898,8895,8895,9085,1,
,09:50:18,8898,8895,8895,9085,1,
,09:50:18,8898,8895,8895,9085,1,
,09:50:19,8898,8895,8895,9085,1,
,09:50:19,8898,8895,8895,9086,1,
,09:50:20,8898,8895,8895,9086,1,
,09:50:21,8898,8895,8895,9086,1,
,09:50:23,8898,8895,8895,9086,1,
,09:50:24,8898,8895,8896,9088,2,
,09:50:25,8898,8895,8896,9088,2,
,09:50:26,8898,8895,8896,9088,2,
,09:50:27,8898,8895,8896,9088,2,
,09:50:27,8898,8895,8896,9088,2,
,09:50:28,8898,8894,8894,9098,10,
,09:50:29,8898,8894,8894,9098,10,
,09:50:29,8898,8894,8894,9098,10,
,09:50:30,8898,8894,8895,9108,10,
,09:50:31,8898,8894,8895,9108,10,
,09:50:32,8898,8894,8895,9108,10,
,09:50:33,8898,8894,8895,9109,1,
,09:50:34,8898,8894,8895,9109,1,
,09:50:35,8898,8894,8896,9111,2,
,09:50:36,8898,8894,8896,9111,2,
,09:50:36,8898,8894,8896,9112,1,
,09:50:37,8898,8894,8896,9112,1,
,09:50:37,8898,8894,8895,9113,1,
,09:50:38,8898,8894,8895,9113,1,
,09:50:38,8898,8894,8895,9114,1,
,09:50:39,8898,8894,8895,9114,1,
,09:50:39,8898,8894,8895,9114,1,
,09:50:40,8898,8894,8895,9114,1,
,09:50:40,8898,8894,8895,9115,1,
,09:50:41,8898,8894,8895,9115,1,
,09:50:41,8898,8894,8894,9116,1,
,09:50:42,8898,8894,8894,9116,1,
,09:50:43,8898,8894,8894,9116,1,
,09:50:44,8898,8894,8894,9116,1,
,09:50:45,8898,8894,8895,9119,3,
,09:50:46,8898,8894,8895,9119,3,
,09:50:46,8898,8894,8896,9123,4,
,09:50:47,8898,8894,8896,9123,4,
,09:50:48,8898,8894,8896,9125,2,
,09:50:48,8898,8894,8896,9126,1,
,09:50:49,8898,8894,8896,9126,1,
,09:50:49,8898,8894,8896,9126,1,
,09:50:51,8898,8894,8896,9127,1,
,09:50:51,8898,8894,8896,9131,4,
,09:50:52,8898,8894,8896,9131,4,
,09:50:53,8898,8894,8896,9131,4,
,09:50:54,8898,8894,8896,9131,4,
,09:50:56,8898,8894,8896,9131,4,
,09:50:56,8898,8894,8896,9131,4,
,09:50:57,8898,8894,8896,9135,4,
,09:50:58,8898,8894,8896,9135,4,
,09:50:58,8898,8894,8896,9135,4,
,09:50:59,8898,8894,8896,9135,4,
,09:51:02,8895,8895,8895,9136,1,
,09:51:02,8895,8892,8892,9157,21,
,09:51:03,8895,8892,8892,9162,5,
,09:51:03,8895,8891,8891,9173,11,
,09:51:04,8895,8891,8891,9173,11,
,09:51:04,8895,8890,8890,9177,4,
,09:51:05,8895,8890,8891,9178,1,
,09:51:06,8895,8890,8891,9178,1,
,09:51:06,8895,8889,8889,9189,11,
,09:51:07,8895,8889,8889,9191,2,
,09:51:07,8895,8889,8890,9192,1,
,09:51:08,8895,8889,8890,9192,1,
,09:51:08,8895,8889,8890,9194,2,
,09:51:09,8895,8889,8890,9194,2,
,09:51:09,8895,8889,8890,9194,2,
,09:51:10,8895,8889,8891,9197,3,
,09:51:12,8895,8889,8890,9202,5,
,09:51:14,8895,8889,8892,9205,3,
,09:51:15,8895,8889,8893,9215,10,
,09:51:16,8895,8889,8893,9215,10,
,09:51:17,8895,8889,8893,9215,10,
,09:51:17,8895,8889,8893,9215,10,
,09:51:18,8895,8889,8892,9216,1,
,09:51:19,8895,8889,8892,9216,1,
,09:51:20,8895,8889,8892,9216,1,
,09:51:20,8895,8889,8891,9217,1,
,09:51:21,8895,8889,8891,9218,1,
,09:51:21,8895,8889,8892,9219,1,
,09:51:22,8895,8889,8893,9221,2,
,09:51:23,8895,8889,8893,9221,2,
,09:51:24,8895,8889,8893,9221,2,
,09:51:24,8895,8889,8893,9226,5,
,09:51:25,8895,8889,8893,9226,5,
,09:51:26,8895,8889,8893,9226,5,
,09:51:27,8895,8889,8893,9226,5,
,09:51:29,8895,8889,8892,9227,1,
,09:51:30,8895,8889,8892,9227,1,
,09:51:30,8895,8889,8892,9227,1,
,09:51:31,8895,8889,8891,9228,1,
,09:51:32,8895,8889,8891,9228,1,
,09:51:33,8895,8889,8891,9228,1,
,09:51:34,8895,8889,8893,9229,1,
,09:51:34,8895,8889,8893,9230,1,
,09:51:35,8895,8889,8894,9231,1,
,09:51:36,8895,8889,8894,9232,1,
,09:51:37,8895,8889,8894,9232,1,
,09:51:38,8895,8889,8894,9232,1,
,09:51:38,8895,8889,8894,9232,1,
,09:51:40,8895,8889,8894,9232,1,
,09:51:41,8895,8889,8893,9233,1,
,09:51:41,8895,8889,8892,9235,2,
,09:51:42,8895,8889,8892,9235,2,
,09:51:43,8895,8889,8892,9235,2,
,09:51:43,8895,8889,8892,9237,2,
,09:51:44,8895,8889,8892,9262,25,
,09:51:45,8895,8889,8892,9381,119,
,09:51:46,8895,8888,8888,9429,48,
,09:51:47,8895,8888,8888,9433,4,
,09:51:48,8895,8887,8887,9438,5,
,09:51:49,8895,8887,8887,9447,9,
,09:51:50,8895,8887,8887,9447,9,
,09:51:51,8895,8887,8887,9448,1,
,09:51:52,8895,8887,8887,9448,1,
,09:51:53,8895,8887,8887,9449,1,
,09:51:53,8895,8887,8888,9459,10,
,09:51:54,8895,8887,8888,9459,10,
,09:51:55,8895,8887,8888,9471,12,
,09:51:56,8895,8887,8888,9472,1,
,09:51:56,8895,8887,8889,9474,2,
,09:51:57,8895,8887,8889,9474,2,
,09:51:57,8895,8887,8888,9485,11,
,09:51:58,8895,8887,8888,9485,11,
,09:51:59,8895,8887,8887,9487,2,
,09:52:00,8887,8887,8887,9490,3,
,09:52:00,8887,8886,8886,9518,28,
,09:52:01,8887,8885,8885,9531,13,
,09:52:02,8887,8885,8886,9536,5,
,09:52:03,8887,8885,8886,9536,5,
,09:52:04,8891,8885,8890,9558,22,
,09:52:05,8891,8885,8891,9560,2,
,09:52:06,8891,8885,8891,9560,2,
,09:52:07,8891,8885,8890,9561,1,
,09:52:08,8891,8885,8890,9561,1,
,09:52:09,8891,8885,8890,9561,1,
,09:52:10,8891,8885,8890,9561,1,
,09:52:11,8891,8885,8890,9561,1,
,09:52:12,8891,8885,8890,9561,1,
,09:52:12,8892,8885,8892,9564,3,
,09:52:13,8892,8885,8892,9564,3,
,09:52:14,8892,8885,8892,9564,3,
,09:52:14,8892,8885,8892,9564,3,
,09:52:15,8892,8885,8892,9569,5,
,09:52:16,8892,8885,8892,9569,5,
,09:52:17,8893,8885,8893,9572,3,
,09:52:18,8893,8885,8892,9577,5,
,09:52:18,8893,8885,8892,9577,5,
,09:52:19,8893,8885,8892,9577,5,
,09:52:20,8893,8885,8892,9577,5,
,09:52:21,8893,8885,8892,9577,5,
,09:52:23,8893,8885,8892,9577,5,
,09:52:25,8893,8885,8892,9577,5,
,09:52:26,8893,8885,8892,9577,5,
,09:52:26,8893,8885,8892,9577,5,
,09:52:27,8893,8885,8893,9580,3,
,09:52:28,8893,8885,8893,9580,3,
,09:52:30,8894,8885,8894,9581,1,
,09:52:30,8894,8885,8894,9589,8,
,09:52:31,8894,8885,8894,9589,8,
,09:52:32,8894,8885,8894,9590,1,
,09:52:33,8894,8885,8894,9591,1,
,09:52:33,8894,8885,8893,9593,2,
,09:52:34,8894,8885,8893,9595,2,
,09:52:35,8894,8885,8892,9596,1,
,09:52:35,8894,8885,8891,9598,2,
,09:52:36,8894,8885,8891,9598,2,
,09:52:37,8894,8885,8891,9600,2,
,09:52:38,8894,8885,8891,9600,2,
,09:52:38,8894,8885,8891,9603,3,
,09:52:39,8894,8885,8890,9604,1,
,09:52:39,8894,8885,8890,9604,1,
,09:52:40,8894,8885,8890,9604,1,
,09:52:40,8894,8885,8891,9611,7,
,09:52:41,8894,8885,8891,9611,7,
,09:52:42,8894,8885,8891,9611,7,
,09:52:42,8894,8885,8890,9613,2,
,09:52:43,8894,8885,8890,9613,2,
,09:52:43,8894,8885,8891,9614,1,
,09:52:44,8894,8885,8891,9614,1,
,09:52:45,8894,8885,8891,9615,1,
,09:52:47,8894,8885,8892,9616,1,
,09:52:47,8894,8885,8892,9617,1,
,09:52:49,8894,8885,8892,9617,1,
,09:52:50,8894,8885,8892,9618,1,
,09:52:51,8894,8885,8893,9620,2,
,09:52:52,8894,8885,8893,9620,2,
,09:52:52,8894,8885,8894,9621,1,
,09:52:53,8894,8885,8894,9621,1,
,09:52:53,8894,8885,8894,9621,1,
,09:52:54,8894,8885,8893,9622,1,
,09:52:55,8894,8885,8893,9622,1,
,09:52:55,8895,8885,8895,9623,1,
,09:52:56,8895,8885,8895,9630,7,
,09:52:57,8895,8885,8895,9630,7,
,09:52:57,8895,8885,8894,9631,1,
,09:52:58,8895,8885,8894,9632,1,
,09:52:59,8895,8885,8894,9632,1,
,09:53:00,8894,8894,8894,9632,1,
,09:53:01,8894,8894,8894,9633,1,
,09:53:01,8895,8894,8895,9634,1,
,09:53:03,8895,8894,8895,9634,1,
,09:53:04,8895,8893,8893,9639,5,
,09:53:05,8895,8893,8893,9639,5,
,09:53:06,8895,8892,8892,9640,1,
,09:53:06,8895,8892,8892,9643,3,
,09:53:07,8895,8892,8892,9643,3,
,09:53:07,8895,8892,8893,9645,2,
,09:53:08,8895,8892,8893,9645,2,
,09:53:08,8895,8892,8894,9648,3,
,09:53:10,8895,8892,8894,9648,3,
,09:53:10,8895,8892,8894,9648,3,
,09:53:13,8895,8892,8894,9652,4,
