,09:14:00,8950,8950,8950,248,248,
,09:15:00,8940,8940,8940,254,6,
,09:15:00,8950,8937,8938,296,42,
,09:15:01,8950,8937,8938,313,17,
,09:15:02,8950,8937,8938,314,1,
,09:15:02,8950,8936,8936,326,12,
,09:15:03,8950,8935,8937,369,43,
,09:15:04,8950,8934,8934,374,5,
,09:15:04,8950,8933,8933,376,2,
,09:15:05,8950,8933,8933,377,1,
,09:15:05,8950,8932,8933,388,11,
,09:15:06,8950,8932,8934,389,1,
,09:15:06,8950,8932,8935,402,13,
,09:15:07,8950,8932,8936,427,25,
,09:15:08,8950,8932,8936,432,5,
,09:15:08,8950,8932,8936,437,5,
,09:15:09,8950,8932,8936,484,47,
,09:15:10,8950,8932,8936,484,47,
,09:15:10,8950,8932,8937,497,13,
,09:15:11,8950,8932,8936,512,15,
,09:15:12,8950,8932,8936,526,14,
,09:15:13,8950,8932,8936,526,14,
,09:15:13,8950,8932,8935,530,4,
,09:15:14,8950,8932,8935,530,4,
,09:15:14,8950,8932,8934,545,15,
,09:15:15,8950,8932,8934,545,15,
,09:15:15,8950,8932,8933,546,1,
,09:15:16,8950,8932,8933,546,1,
,09:15:16,8950,8932,8932,552,6,
,09:15:17,8950,8932,8933,553,1,
,09:15:17,8950,8932,8932,558,5,
,09:15:18,8950,8932,8935,592,34,
,09:15:19,8950,8932,8935,592,34,
,09:15:20,8950,8932,8935,592,34,
,09:15:20,8950,8932,8932,599,7,
,09:15:21,8950,8932,8932,599,7,
,09:15:21,8950,8932,8936,630,31,
,09:15:22,8950,8932,8936,630,31,
,09:15:22,8950,8932,8936,633,3,
,09:15:23,8950,8932,8936,633,3,
,09:15:23,8950,8932,8935,637,4,
,09:15:24,8950,8932,8935,637,4,
,09:15:24,8950,8932,8932,644,7,
,09:15:25,8950,8932,8932,644,7,
,09:15:26,8950,8932,8932,644,7,
,09:15:26,8950,8932,8935,645,1,
,09:15:27,8950,8932,8935,645,1,
,09:15:27,8950,8932,8932,650,5,
,09:15:28,8950,8932,8934,651,1,
,09:15:28,8950,8932,8933,653,2,
,09:15:29,8950,8932,8933,653,2,
,09:15:29,8950,8932,8934,654,1,
,09:15:30,8950,8932,8934,654,1,
,09:15:30,8950,8932,8933,663,9,
,09:15:31,8950,8931,8932,691,28,
,09:15:32,8950,8931,8932,691,28,
,09:15:32,8950,8931,8932,699,8,
,09:15:33,8950,8930,8930,700,1,
,09:15:33,8950,8930,8931,705,5,
,09:15:34,8950,8930,8931,705,5,
,09:15:34,8950,8930,8932,715,10,
,09:15:35,8950,8928,8931,721,6,
,09:15:36,8950,8928,8929,727,6,
,09:15:37,8950,8928,8929,727,6,
,09:15:37,8950,8928,8929,729,2,
,09:15:38,8950,8928,8928,740,11,
,09:15:39,8950,8928,8928,740,11,
,09:15:39,8950,8928,8930,743,3,
,09:15:40,8950,8928,8930,743,3,
,09:15:40,8950,8928,8929,751,8,
,09:15:41,8950,8928,8930,768,17,
,09:15:42,8950,8928,8930,768,17,
,09:15:42,8950,8928,8931,770,2,
,09:15:43,8950,8928,8931,770,2,
,09:15:43,8950,8928,8933,773,3,
,09:15:44,8950,8928,8933,773,3,
,09:15:44,8950,8928,8934,777,4,
,09:15:45,8950,8928,8933,779,2,
,09:15:46,8950,8928,8933,779,2,
,09:15:46,8950,8928,8934,782,3,
,09:15:47,8950,8928,8934,788,6,
,09:15:48,8950,8928,8934,788,6,
,09:15:48,8950,8928,8933,789,1,
,09:15:49,8950,8928,8933,789,1,
,09:15:50,8950,8928,8933,794,5,
,09:15:51,8950,8928,8933,794,5,
,09:15:51,8950,8928,8933,794,5,
,09:15:52,8950,8928,8933,794,5,
,09:15:53,8950,8928,8933,794,5,
,09:15:53,8950,8928,8931,823,29,
,09:15:54,8950,8928,8930,829,6,
,09:15:55,8950,8928,8930,829,6,
,09:15:56,8950,8928,8930,829,6,
,09:15:56,8950,8928,8930,831,2,
,09:15:57,8950,8928,8930,836,5,
,09:15:58,8950,8928,8930,838,2,
,09:15:59,8950,8928,8930,839,1,
,09:16:00,8930,8930,8930,841,2,
,09:16:00,8930,8926,8926,914,73,
,09:16:01,8930,8926,8926,914,73,
,09:16:01,8930,8925,8925,921,7,
,09:16:02,8930,8925,8925,921,7,
,09:16:02,8930,8924,8925,932,11,
,09:16:03,8930,8924,8925,932,11,
,09:16:03,8930,8923,8923,948,16,
,09:16:04,8930,8920,8920,983,35,
,09:16:05,8930,8920,8925,1040,57,
,09:16:06,8930,8920,8925,1042,2,
,09:16:06,8930,8920,8924,1062,20,
,09:16:07,8930,8920,8924,1062,20,
,09:16:08,8930,8920,8924,1062,20,
,09:16:08,8930,8920,8924,1063,1,
,09:16:09,8930,8920,8927,1094,31,
,09:16:10,8930,8920,8927,1094,31,
,09:16:11,8930,8920,8925,1099,5,
,09:16:11,8930,8920,8926,1100,1,
,09:16:12,8930,8920,8927,1101,1,
,09:16:12,8930,8920,8927,1105,4,
,09:16:13,8930,8920,8927,1105,4,
,09:16:13,8930,8920,8928,1108,3,
,09:16:14,8930,8920,8928,1108,3,
,09:16:14,8930,8920,8929,1114,6,
,09:16:15,8930,8920,8929,1114,6,
,09:16:15,8930,8920,8927,1118,4,
,09:16:16,8930,8920,8929,1119,1,
,09:16:16,8930,8920,8928,1121,2,
,09:16:17,8930,8920,8930,1135,14,
,09:16:18,8930,8920,8930,1135,14,
,09:16:18,8931,8920,8931,1141,6,
,09:16:19,8932,8920,8932,1144,3,
,09:16:19,8933,8920,8933,1149,5,
,09:16:20,8933,8920,8933,1149,5,
,09:16:20,8933,8920,8933,1155,6,
,09:16:21,8935,8920,8935,1162,7,
,09:16:22,8935,8920,8933,1167,5,
,09:16:22,8936,8920,8935,1184,17,
,09:16:23,8936,8920,8935,1184,17,
,09:16:23,8936,8920,8936,1201,17,
,09:16:24,8936,8920,8936,1210,9,
,09:16:25,8936,8920,8936,1211,1,
,09:16:25,8936,8920,8936,1212,1,
,09:16:26,8936,8920,8936,1212,1,
,09:16:26,8936,8920,8935,1213,1,
,09:16:27,8936,8920,8935,1213,1,
,09:16:27,8937,8920,8937,1216,3,
,09:16:28,8937,8920,8935,1217,1,
,09:16:28,8937,8920,8934,1250,33,
,09:16:29,8937,8920,8935,1282,32,
,09:16:30,8937,8920,8937,1292,10,
,09:16:31,8938,8920,8937,1303,11,
,09:16:32,8938,8920,8937,1304,1,
,09:16:33,8938,8920,8936,1305,1,
,09:16:34,8938,8920,8937,1306,1,
,09:16:35,8938,8920,8937,1307,1,
,09:16:36,8938,8920,8937,1308,1,
,09:16:36,8938,8920,8936,1309,1,
,09:16:37,8938,8920,8936,1310,1,
,09:16:37,8938,8920,8936,1312,2,
,09:16:38,8938,8920,8936,1313,1,
,09:16:38,8938,8920,8934,1336,23,
,09:16:39,8938,8920,8934,1340,4,
,09:16:40,8938,8920,8934,1340,4,
,09:16:40,8938,8920,8931,1354,14,
,09:16:41,8938,8920,8933,1355,1,
,09:16:41,8938,8920,8934,1362,7,
,09:16:42,8938,8920,8935,1363,1,
,09:16:42,8938,8920,8935,1369,6,
,09:16:43,8938,8920,8935,1370,1,
,09:16:43,8938,8920,8936,1389,19,
,09:16:44,8938,8920,8937,1398,9,
,09:16:44,8938,8920,8936,1399,1,
,09:16:45,8938,8920,8936,1399,1,
,09:16:45,8938,8920,8936,1406,7,
,09:16:46,8938,8920,8936,1406,7,
,09:16:47,8938,8920,8936,1406,7,
,09:16:48,8938,8920,8936,1406,7,
,09:16:49,8938,8920,8935,1407,1,
,09:16:50,8938,8920,8935,1407,1,
,09:16:52,8938,8920,8935,1407,1,
,09:16:52,8938,8920,8934,1408,1,
,09:16:53,8938,8920,8934,1409,1,
,09:16:53,8938,8920,8934,1423,14,
,09:16:54,8938,8920,8934,1423,14,
,09:16:54,8938,8920,8932,1437,14,
,09:16:55,8938,8920,8932,1437,14,
,09:16:56,8938,8920,8932,1437,14,
,09:16:56,8938,8920,8934,1447,10,
,09:16:57,8938,8920,8934,1447,10,
,09:16:57,8938,8920,8936,1457,10,
,09:16:58,8938,8920,8936,1472,15,
,09:16:59,8938,8920,8936,1472,15,
,09:16:59,8938,8920,8937,1474,2,
,09:17:00,8937,8937,8937,1474,2,
,09:17:00,8937,8936,8937,1485,11,
,09:17:01,8937,8936,8937,1486,1,
,09:17:01,8937,8936,8937,1487,1,
,09:17:02,8937,8936,8937,1487,1,
,09:17:02,8937,8936,8937,1490,3,
,09:17:03,8937,8936,8937,1490,3,
,09:17:03,8937,8936,8937,1497,7,
,09:17:04,8937,8935,8935,1499,2,
,09:17:04,8937,8935,8937,1501,2,
,09:17:05,8937,8935,8937,1502,1,
,09:17:05,8937,8935,8937,1504,2,
,09:17:07,8937,8935,8937,1504,2,
,09:17:08,8937,8935,8936,1509,5,
,09:17:09,8937,8935,8935,1516,7,
,09:17:09,8937,8935,8935,1516,7,
,09:17:10,8937,8935,8936,1518,2,
,09:17:10,8937,8935,8936,1519,1,
,09:17:11,8937,8935,8936,1519,1,
,09:17:11,8937,8935,8936,1519,1,
,09:17:12,8937,8935,8936,1519,1,
,09:17:13,8937,8935,8936,1519,1,
,09:17:13,8937,8935,8937,1531,12,
,09:17:14,8937,8935,8937,1531,12,
,09:17:15,8937,8935,8936,1533,2,
,09:17:16,8937,8935,8936,1533,2,
,09:17:17,8937,8935,8936,1533,2,
,09:17:17,8937,8935,8936,1535,2,
,09:17:18,8937,8933,8934,1558,23,
,09:17:19,8937,8933,8934,1558,23,
,09:17:19,8937,8933,8934,1558,23,
,09:17:20,8937,8933,8935,1560,2,
,09:17:21,8937,8933,8935,1560,2,
,09:17:21,8937,8933,8933,1562,2,
,09:17:22,8937,8933,8933,1562,2,
,09:17:23,8937,8933,8934,1565,3,
,09:17:24,8937,8933,8934,1565,3,
,09:17:25,8937,8933,8934,1565,3,
,09:17:25,8937,8933,8936,1585,20,
,09:17:26,8937,8933,8937,1589,4,
,09:17:26,8937,8933,8937,1592,3,
,09:17:27,8937,8933,8937,1592,3,
,09:17:27,8938,8933,8938,1594,2,
,09:17:28,8938,8933,8938,1594,2,
,09:17:28,8938,8933,8937,1598,4,
,09:17:29,8938,8933,8937,1598,4,
,09:17:29,8938,8933,8937,1614,16,
,09:17:30,8938,8933,8937,1614,16,
,09:17:30,8938,8933,8938,1617,3,
,09:17:31,8938,8933,8938,1617,3,
,09:17:31,8938,8933,8937,1618,1,
,09:17:32,8938,8933,8937,1619,1,
,09:17:32,8938,8933,8935,1708,89,
,09:17:33,8938,8933,8933,1726,18,
,09:17:34,8938,8933,8935,1727,1,
,09:17:34,8938,8933,8935,1731,4,
,09:17:35,8938,8933,8935,1731,4,
,09:17:36,8938,8933,8935,1731,4,
,09:17:36,8938,8933,8935,1736,5,
,09:17:37,8938,8933,8934,1737,1,
,09:17:37,8938,8933,8934,1739,2,
,09:17:38,8938,8933,8934,1739,2,
,09:17:39,8938,8933,8934,1739,2,
,09:17:39,8938,8933,8934,1740,1,
,09:17:40,8938,8933,8934,1740,1,
,09:17:40,8938,8933,8934,1747,7,
,09:17:41,8938,8933,8934,1761,14,
,09:17:42,8938,8933,8934,1771,10,
,09:17:43,8938,8933,8934,1771,10,
,09:17:44,8938,8933,8934,1771,10,
,09:17:44,8938,8933,8935,1778,7,
,09:17:45,8938,8930,8933,1814,36,
,09:17:46,8938,8930,8933,1814,36,
,09:17:47,8938,8930,8933,1814,36,
,09:17:47,8938,8930,8930,1823,9,
,09:17:49,8938,8929,8929,1825,2,
,09:17:50,8938,8929,8929,1825,2,
,09:17:50,8938,8929,8931,1832,7,
,09:17:51,8938,8929,8930,1835,3,
,09:17:52,8938,8929,8931,1841,6,
,09:17:53,8938,8929,8931,1841,6,
,09:17:53,8938,8929,8930,1847,6,
,09:17:54,8938,8929,8930,1847,6,
,09:17:54,8938,8929,8932,1860,13,
,09:17:55,8938,8929,8933,1862,2,
,09:17:56,8938,8929,8933,1862,2,
,09:17:56,8938,8929,8932,1863,1,
,09:17:57,8938,8929,8930,1865,2,
,09:17:58,8938,8929,8930,1865,2,
,09:17:58,8938,8926,8926,1908,43,
,09:17:59,8938,8926,8926,1908,43,
,09:17:59,8938,8926,8927,1909,1,
,09:18:00,8927,8927,8927,1910,1,
,09:18:00,8928,8926,8926,1913,3,
,09:18:01,8928,8926,8926,1913,3,
,09:18:01,8928,8926,8926,1913,3,
,09:18:03,8928,8926,8926,1913,3,
,09:18:04,8928,8926,8926,1913,3,
,09:18:04,8928,8926,8927,1917,4,
,09:18:05,8928,8926,8926,1918,1,
,09:18:06,8928,8925,8925,1923,5,
,09:18:07,8928,8925,8925,1923,5,
,09:18:07,8928,8925,8925,1923,5,
,09:18:08,8928,8925,8927,1931,8,
,09:18:09,8928,8925,8928,1935,4,
,09:18:10,8929,8925,8929,1940,5,
,09:18:11,8929,8925,8928,1941,1,
,09:18:11,8929,8925,8927,1950,9,
,09:18:12,8929,8925,8927,1950,9,
,09:18:12,8929,8925,8925,1958,8,
,09:18:13,8929,8923,8923,1959,1,
,09:18:13,8929,8923,8923,1964,5,
,09:18:14,8929,8923,8924,1965,1,
,09:18:14,8929,8923,8925,1966,1,
,09:18:15,8929,8923,8925,1976,10,
,09:18:16,8929,8923,8925,1976,10,
,09:18:16,8929,8923,8927,1983,7,
,09:18:17,8929,8923,8926,1984,1,
,09:18:18,8929,8923,8926,1985,1,
,09:18:18,8929,8923,8926,1986,1,
,09:18:19,8929,8923,8926,1987,1,
,09:18:20,8929,8923,8926,1988,1,
,09:18:20,8929,8923,8926,1989,1,
,09:18:21,8929,8923,8926,1989,1,
,09:18:22,8929,8923,8926,1991,2,
,09:18:22,8929,8923,8926,1993,2,
,09:18:23,8929,8923,8927,1996,3,
,09:18:24,8929,8923,8927,1998,2,
,09:18:25,8929,8923,8927,1998,2,
,09:18:25,8929,8923,8928,2006,8,
,09:18:28,8929,8923,8928,2006,8,
,09:18:29,8929,8923,8928,2006,8,
,09:18:30,8929,8923,8929,2007,1,
,09:18:30,8929,8923,8928,2008,1,
,09:18:31,8929,8923,8928,2008,1,
,09:18:32,8929,8923,8927,2013,5,
,09:18:33,8929,8923,8927,2013,5,
,09:18:33,8929,8923,8927,2016,3,
,09:18:34,8929,8923,8928,2017,1,
,09:18:35,8929,8923,8928,2017,1,
,09:18:36,8929,8923,8928,2017,1,
,09:18:36,8929,8923,8928,2017,1,
,09:18:38,8929,8923,8928,2017,1,
,09:18:38,8929,8923,8928,2017,1,
,09:18:39,8929,8923,8928,2017,1,
,09:18:40,8929,8923,8928,2020,3,
,09:18:41,8929,8923,8928,2023,3,
,09:18:41,8932,8923,8932,2049,26,
,09:18:42,8933,8923,8933,2050,1,
,09:18:42,8933,8923,8931,2053,3,
,09:18:43,8933,8923,8931,2053,3,
,09:18:43,8933,8923,8932,2054,1,
,09:18:44,8933,8923,8932,2054,1,
,09:18:45,8933,8923,8930,2055,1,
,09:18:45,8933,8923,8931,2075,20,
,09:18:46,8933,8923,8931,2076,1,
,09:18:47,8933,8923,8931,2076,1,
,09:18:48,8933,8923,8931,2076,1,
,09:18:49,8933,8923,8931,2077,1,
,09:18:49,8933,8923,8931,2077,1,
,09:18:50,8933,8923,8930,2078,1,
,09:18:52,8933,8923,8930,2078,1,
,09:18:53,8933,8923,8930,2078,1,
,09:18:53,8933,8923,8928,2089,11,
,09:18:54,8933,8923,8929,2092,3,
,09:18:54,8933,8923,8930,2093,1,
,09:18:55,8933,8923,8930,2094,1,
,09:18:55,8933,8923,8930,2096,2,
,09:18:56,8933,8923,8930,2096,2,
,09:18:57,8933,8923,8929,2097,1,
,09:18:58,8933,8923,8931,2099,2,
,09:18:58,8933,8923,8931,2107,8,
,09:18:59,8933,8923,8931,2107,8,
,09:19:00,8931,8931,8931,2107,8,
,09:19:00,8933,8931,8933,2113,6,
,09:19:01,8933,8931,8933,2113,6,
,09:19:04,8933,8931,8933,2113,6,
,09:19:05,8933,8931,8933,2113,6,
,09:19:05,8933,8931,8933,2113,6,
,09:19:06,8933,8931,8933,2113,6,
,09:19:06,8933,8931,8931,2122,9,
,09:19:07,8933,8931,8931,2122,9,
,09:19:08,8933,8931,8931,2122,9,
,09:19:08,8933,8931,8931,2124,2,
,09:19:09,8933,8930,8930,2125,1,
,09:19:10,8933,8930,8930,2125,1,
,09:19:10,8933,8930,8931,2126,1,
,09:19:11,8933,8930,8931,2126,1,
,09:19:12,8933,8930,8931,2126,1,
,09:19:13,8933,8930,8931,2126,1,
,09:19:14,8933,8930,8931,2126,1,
,09:19:16,8933,8930,8931,2126,1,
,09:19:17,8933,8930,8931,2126,1,
,09:19:17,8933,8930,8930,2135,9,
,09:19:18,8933,8930,8930,2138,3,
,09:19:18,8933,8930,8930,2138,3,
,09:19:19,8933,8930,8930,2138,3,
,09:19:20,8933,8930,8930,2138,3,
,09:19:21,8933,8930,8930,2138,3,
,09:19:22,8933,8930,8930,2138,3,
,09:19:23,8933,8930,8930,2138,3,
,09:19:23,8933,8930,8930,2139,1,
,09:19:24,8933,8930,8930,2140,1,
,09:19:25,8933,8929,8929,2143,3,
,09:19:25,8933,8929,8929,2144,1,
,09:19:26,8933,8929,8931,2146,2,
,09:19:27,8933,8929,8931,2146,2,
,09:19:29,8933,8929,8929,2151,5,
,09:19:30,8933,8929,8929,2151,5,
,09:19:30,8933,8929,8929,2151,5,
,09:19:31,8933,8929,8929,2151,5,
,09:19:32,8933,8929,8929,2152,1,
,09:19:32,8933,8928,8928,2155,3,
,09:19:33,8933,8928,8928,2159,4,
,09:19:34,8933,8928,8928,2161,2,
,09:19:34,8933,8928,8928,2167,6,
,09:19:35,8933,8928,8928,2167,6,
,09:19:36,8933,8928,8928,2167,6,
,09:19:37,8933,8928,8928,2167,6,
,09:19:37,8933,8928,8930,2179,12,
,09:19:38,8933,8928,8930,2179,12,
,09:19:38,8933,8928,8929,2188,9,
,09:19:39,8933,8928,8930,2192,4,
,09:19:40,8933,8928,8930,2192,4,
,09:19:41,8933,8928,8930,2194,2,
,09:19:41,8933,8928,8930,2195,1,
,09:19:42,8933,8928,8930,2196,1,
,09:19:42,8933,8928,8930,2205,9,
,09:19:43,8933,8928,8930,2205,9,
,09:19:43,8933,8928,8930,2206,1,
,09:19:44,8933,8928,8930,2206,1,
,09:19:44,8933,8928,8931,2208,2,
,09:19:45,8933,8928,8930,2211,3,
,09:19:46,8933,8928,8930,2215,4,
,09:19:47,8933,8928,8930,2215,4,
,09:19:47,8933,8928,8931,2223,8,
,09:19:48,8933,8928,8931,2225,2,
,09:19:48,8933,8928,8931,2225,2,
,09:19:49,8933,8928,8931,2225,2,
,09:19:49,8933,8928,8931,2225,2,
,09:19:50,8933,8928,8931,2225,2,
,09:19:51,8933,8928,8930,2226,1,
,09:19:51,8933,8928,8930,2230,4,
,09:19:52,8933,8928,8930,2230,4,
,09:19:55,8933,8928,8931,2236,6,
,09:19:56,8933,8928,8931,2236,6,
,09:19:56,8933,8928,8932,2244,8,
,09:19:57,8933,8928,8931,2247,3,
,09:19:58,8933,8928,8931,2247,3,
,09:19:59,8933,8928,8931,2247,3,
,09:20:00,8931,8931,8931,2258,11,
,09:20:00,8931,8930,8930,2260,2,
,09:20:01,8931,8930,8930,2274,14,
,09:20:02,8932,8930,8932,2278,4,
,09:20:03,8933,8930,8933,2285,7,
,09:20:04,8933,8930,8932,2297,12,
,09:20:05,8933,8930,8932,2297,12,
,09:20:05,8933,8930,8932,2297,12,
,09:20:06,8934,8930,8934,2298,1,
,09:20:07,8934,8930,8934,2298,1,
,09:20:07,8934,8930,8934,2311,13,
,09:20:08,8934,8930,8934,2311,13,
,09:20:09,8934,8930,8934,2311,13,
,09:20:09,8935,8930,8934,2315,4,
,09:20:10,8935,8930,8934,2315,4,
,09:20:10,8935,8930,8934,2320,5,
,09:20:11,8935,8930,8934,2320,5,
,09:20:11,8935,8930,8933,2325,5,
,09:20:12,8935,8930,8933,2325,5,
,09:20:12,8935,8930,8933,2326,1,
,09:20:13,8935,8930,8933,2326,1,
,09:20:13,8935,8930,8933,2329,3,
,09:20:14,8935,8930,8933,2329,3,
,09:20:14,8935,8930,8934,2331,2,
,09:20:15,8935,8930,8934,2331,2,
,09:20:16,8935,8930,8934,2331,2,
,09:20:16,8935,8930,8935,2336,5,
,09:20:17,8935,8930,8935,2336,5,
,09:20:18,8935,8930,8935,2336,5,
,09:20:19,8935,8930,8935,2336,5,
,09:20:20,8935,8930,8935,2336,5,
,09:20:21,8935,8930,8935,2336,5,
,09:20:22,8935,8930,8935,2336,5,
,09:20:23,8935,8930,8935,2336,5,
,09:20:23,8935,8930,8935,2337,1,
,09:20:24,8936,8930,8936,2358,21,
,09:20:25,8938,8930,8938,2375,17,
,09:20:26,8939,8930,8939,2377,2,
,09:20:27,8939,8930,8939,2377,2,
,09:20:27,8939,8930,8937,2382,5,
,09:20:28,8939,8930,8937,2382,5,
,09:20:28,8939,8930,8937,2383,1,
,09:20:29,8939,8930,8937,2383,1,
,09:20:29,8939,8930,8937,2383,1,
,09:20:31,8939,8930,8937,2383,1,
,09:20:32,8939,8930,8936,2385,2,
,09:20:33,8939,8930,8936,2389,4,
,09:20:34,8939,8930,8936,2389,4,
,09:20:36,8939,8930,8935,2392,3,
,09:20:37,8939,8930,8935,2392,3,
,09:20:37,8939,8930,8934,2393,1,
,09:20:38,8939,8930,8934,2395,2,
,09:20:38,8939,8930,8934,2395,2,
,09:20:39,8939,8930,8934,2395,2,
,09:20:40,8939,8930,8934,2395,2,
,09:20:41,8939,8930,8934,2395,2,
,09:20:41,8939,8930,8934,2395,2,
,09:20:42,8939,8930,8933,2397,2,
,09:20:42,8939,8930,8933,2402,5,
,09:20:43,8939,8930,8932,2406,4,
,09:20:45,8939,8930,8935,2423,17,
,09:20:46,8939,8930,8935,2423,17,
,09:20:46,8939,8930,8936,2429,6,
,09:20:47,8939,8930,8935,2430,1,
,09:20:48,8939,8930,8935,2430,1,
,09:20:49,8939,8930,8935,2430,1,
,09:20:49,8939,8930,8935,2432,2,
,09:20:50,8939,8930,8936,2457,25,
,09:20:51,8939,8930,8936,2457,25,
,09:20:52,8939,8930,8936,2457,25,
,09:20:52,8939,8930,8935,2458,1,
,09:20:53,8939,8930,8935,2458,1,
,09:20:54,8939,8930,8936,2459,1,
,09:20:55,8939,8930,8937,2497,38,
,09:20:56,8939,8930,8937,2503,6,
,09:20:57,8939,8930,8936,2507,4,
,09:20:57,8939,8930,8936,2507,4,
,09:20:58,8939,8930,8936,2507,4,
,09:20:58,8939,8930,8936,2507,4,
,09:20:59,8939,8930,8936,2507,4,
,09:21:00,8936,8936,8936,2507,4,
,09:21:01,8936,8936,8936,2507,4,
,09:21:01,8936,8934,8935,2536,29,
,09:21:02,8936,8934,8935,2536,29,
,09:21:03,8936,8934,8935,2540,4,
,09:21:04,8936,8934,8936,2553,13,
,09:21:05,8936,8934,8936,2553,13,
,09:21:06,8936,8934,8936,2553,13,
,09:21:07,8936,8934,8936,2594,41,
,09:21:09,8936,8934,8935,2596,2,
,09:21:09,8936,8934,8935,2596,2,
,09:21:10,8936,8934,8935,2596,2,
,09:21:11,8936,8934,8935,2599,3,
,09:21:11,8936,8934,8935,2600,1,
,09:21:12,8936,8934,8935,2600,1,
,09:21:12,8936,8934,8934,2607,7,
,09:21:13,8936,8934,8936,2614,7,
,09:21:14,8936,8934,8936,2614,7,
,09:21:15,8936,8934,8936,2614,7,
,09:21:16,8936,8934,8936,2619,5,
,09:21:18,8936,8934,8936,2619,5,
,09:21:20,8936,8934,8936,2619,5,
,09:21:20,8938,8934,8938,2627,8,
,09:21:21,8938,8934,8938,2627,8,
,09:21:21,8940,8934,8939,2702,75,
,09:21:22,8940,8934,8939,2702,75,
,09:21:23,8940,8934,8939,2702,75,
,09:21:23,8940,8934,8940,2705,3,
,09:21:24,8940,8934,8940,2706,1,
,09:21:24,8941,8934,8941,2718,12,
,09:21:25,8941,8934,8941,2719,1,
,09:21:25,8941,8934,8941,2719,1,
,09:21:26,8941,8934,8939,2726,7,
,09:21:27,8941,8934,8939,2726,7,
,09:21:27,8941,8934,8939,2728,2,
,09:21:29,8941,8934,8938,2730,2,
,09:21:30,8941,8934,8938,2730,2,
,09:21:31,8941,8934,8937,2732,2,
,09:21:31,8941,8934,8937,2735,3,
,09:21:32,8941,8934,8937,2737,2,
,09:21:32,8941,8934,8937,2738,1,
,09:21:33,8941,8934,8938,2744,6,
,09:21:34,8941,8934,8937,2751,7,
,09:21:35,8941,8934,8937,2751,7,
,09:21:35,8941,8934,8937,2753,2,
,09:21:36,8941,8934,8937,2753,2,
,09:21:36,8941,8934,8938,2758,5,
,09:21:37,8941,8934,8938,2759,1,
,09:21:38,8941,8934,8937,2760,1,
,09:21:39,8941,8934,8936,2762,2,
,09:21:40,8941,8934,8936,2762,2,
,09:21:41,8941,8934,8936,2762,2,
,09:21:42,8941,8934,8936,2762,2,
,09:21:43,8941,8934,8936,2762,2,
,09:21:44,8941,8934,8936,2762,2,
,09:21:45,8941,8934,8936,2766,4,
,09:21:46,8941,8934,8936,2766,4,
,09:21:47,8941,8934,8936,2766,4,
,09:21:47,8941,8934,8936,2767,1,
,09:21:48,8941,8934,8936,2767,1,
,09:21:49,8941,8934,8936,2767,1,
,09:21:51,8941,8934,8935,2778,11,
,09:21:51,8941,8934,8934,2788,10,
,09:21:52,8941,8934,8934,2789,1,
,09:21:52,8941,8933,8933,2793,4,
,09:21:53,8941,8933,8933,2803,10,
,09:21:54,8941,8933,8933,2803,10,
,09:21:54,8941,8933,8933,2810,7,
,09:21:55,8941,8933,8934,2811,1,
,09:21:56,8941,8933,8933,2812,1,
,09:21:56,8941,8932,8935,2830,18,
,09:21:57,8941,8932,8935,2830,18,
,09:21:58,8941,8932,8935,2830,18,
,09:21:59,8941,8932,8934,2832,2,
,09:22:01,8934,8934,8934,2832,2,
,09:22:01,8934,8934,8934,2832,2,
,09:22:02,8935,8933,8935,2846,14,
,09:22:03,8935,8933,8935,2846,14,
,09:22:04,8935,8933,8933,2851,5,
,09:22:06,8935,8932,8932,2854,3,
,09:22:06,8935,8932,8933,2858,4,
,09:22:07,8935,8932,8933,2858,4,
,09:22:08,8935,8932,8933,2859,1,
,09:22:09,8935,8932,8933,2860,1,
,09:22:10,8935,8931,8931,2863,3,
,09:22:11,8935,8931,8931,2867,4,
,09:22:12,8935,8931,8931,2868,1,
,09:22:13,8935,8931,8932,2870,2,
,09:22:14,8935,8930,8930,2880,10,
,09:22:15,8935,8930,8931,2881,1,
,09:22:15,8935,8930,8932,2890,9,
,09:22:16,8935,8930,8932,2890,9,
,09:22:17,8935,8930,8935,2919,29,
,09:22:18,8935,8930,8935,2920,1,
,09:22:19,8935,8930,8935,2920,1,
,09:22:19,8936,8930,8936,2922,2,
,09:22:20,8936,8930,8936,2922,2,
,09:22:21,8936,8930,8936,2922,2,
,09:22:21,8936,8930,8936,2922,2,
,09:22:23,8936,8930,8935,2926,4,
,09:22:23,8936,8930,8935,2926,4,
,09:22:24,8936,8930,8934,2930,4,
,09:22:24,8936,8930,8936,2939,9,
,09:22:25,8936,8930,8936,2945,6,
,09:22:27,8937,8930,8936,2948,3,
,09:22:29,8937,8930,8935,2952,4,
,09:22:29,8937,8930,8934,2953,1,
,09:22:30,8937,8930,8934,2953,1,
,09:22:31,8937,8930,8934,2953,1,
,09:22:32,8937,8930,8934,2953,1,
,09:22:33,8937,8930,8934,2953,1,
,09:22:34,8937,8930,8933,2955,2,
,09:22:34,8937,8930,8933,2955,2,
,09:22:36,8937,8930,8933,2955,2,
,09:22:36,8937,8930,8933,2955,2,
,09:22:38,8937,8930,8934,2958,3,
,09:22:38,8937,8930,8934,2958,3,
,09:22:44,8937,8930,8934,2958,3,
,09:22:44,8937,8930,8935,2962,4,
,09:22:45,8937,8930,8935,2962,4,
,09:22:46,8937,8930,8935,2962,4,
,09:22:46,8937,8930,8934,2967,5,
,09:22:47,8937,8930,8934,2967,5,
,09:22:47,8937,8930,8936,2978,11,
,09:22:48,8937,8930,8937,2981,3,
,09:22:49,8937,8930,8936,2982,1,
,09:22:49,8937,8930,8937,2983,1,
,09:22:50,8937,8930,8937,2983,1,
,09:22:51,8937,8930,8936,2993,10,
,09:22:52,8937,8930,8936,2993,10,
,09:22:52,8937,8930,8935,2995,2,
,09:22:53,8937,8930,8935,2995,2,
,09:22:54,8937,8930,8936,2998,3,
,09:22:55,8937,8930,8936,2998,3,
,09:22:56,8937,8930,8936,2998,3,
,09:22:56,8937,8930,8936,3003,5,
,09:22:57,8937,8930,8936,3003,5,
,09:22:58,8937,8930,8937,3006,3,
,09:22:58,8937,8930,8937,3007,1,
,09:22:59,8937,8930,8937,3007,1,
,09:23:00,8936,8936,8936,3008,1,
,09:23:00,8936,8936,8936,3011,3,
,09:23:01,8936,8936,8936,3011,3,
,09:23:01,8936,8935,8935,3014,3,
,09:23:02,8936,8935,8935,3014,3,
,09:23:03,8936,8935,8935,3014,3,
,09:23:03,8936,8935,8935,3014,3,
,09:23:04,8936,8933,8933,3017,3,
,09:23:05,8936,8933,8933,3023,6,
,09:23:07,8936,8933,8933,3023,6,
,09:23:07,8936,8932,8934,3034,11,
,09:23:08,8936,8932,8934,3034,11,
,09:23:08,8936,8932,8935,3036,2,
,09:23:10,8936,8932,8935,3036,2,
,09:23:11,8936,8932,8935,3036,2,
,09:23:15,8936,8932,8935,3036,2,
,09:23:15,8936,8932,8935,3038,2,
,09:23:17,8936,8932,8935,3038,2,
,09:23:19,8936,8932,8935,3041,3,
,09:23:19,8936,8932,8935,3042,1,
,09:23:20,8936,8932,8935,3043,1,
,09:23:22,8936,8932,8935,3050,7,
,09:23:23,8936,8932,8935,3053,3,
,09:23:24,8936,8932,8935,3053,3,
,09:23:25,8936,8932,8935,3053,3,
,09:23:27,8936,8932,8935,3053,3,
,09:23:28,8936,8932,8935,3053,3,
,09:23:29,8936,8932,8935,3053,3,
,09:23:29,8936,8932,8934,3054,1,
,09:23:30,8936,8932,8934,3054,1,
,09:23:32,8936,8932,8934,3054,1,
,09:23:33,8936,8932,8935,3065,11,
,09:23:34,8936,8932,8934,3067,2,
,09:23:34,8936,8932,8933,3068,1,
,09:23:35,8936,8932,8933,3068,1,
,09:23:36,8936,8932,8933,3068,1,
,09:23:37,8936,8932,8934,3069,1,
,09:23:37,8936,8932,8934,3070,1,
,09:23:38,8936,8932,8934,3070,1,
,09:23:38,8936,8932,8933,3071,1,
,09:23:39,8936,8932,8933,3071,1,
,09:23:40,8936,8932,8933,3072,1,
,09:23:40,8936,8932,8933,3073,1,
,09:23:41,8936,8932,8933,3073,1,
,09:23:41,8936,8932,8933,3073,1,
,09:23:44,8936,8932,8933,3073,1,
,09:23:47,8936,8932,8933,3073,1,
,09:23:47,8936,8932,8932,3079,6,
,09:23:48,8936,8932,8932,3079,6,
,09:23:48,8936,8932,8933,3082,3,
,09:23:49,8936,8932,8933,3083,1,
,09:23:49,8936,8932,8934,3088,5,
,09:23:50,8936,8932,8935,3107,19,
,09:23:51,8936,8932,8935,3108,1,
,09:23:51,8936,8932,8935,3110,2,
,09:23:52,8936,8932,8935,3111,1,
,09:23:52,8936,8932,8935,3111,1,
,09:23:53,8936,8932,8935,3111,1,
,09:23:54,8936,8932,8935,3111,1,
,09:23:54,8936,8932,8935,3111,1,
,09:23:56,8936,8932,8935,3111,1,
,09:23:56,8936,8932,8934,3122,11,
,09:23:57,8936,8932,8934,3122,11,
,09:23:57,8936,8932,8933,3133,11,
,09:23:58,8936,8932,8933,3133,11,
,09:23:59,8936,8932,8933,3133,11,
,09:23:59,8936,8932,8933,3134,1,
,09:24:00,8933,8933,8933,3135,1,
,09:24:00,8934,8933,8933,3137,2,
,09:24:01,8934,8931,8931,3163,26,
,09:24:02,8934,8930,8930,3170,7,
,09:24:02,8934,8929,8929,3171,1,
,09:24:03,8934,8929,8929,3171,1,
,09:24:03,8934,8929,8930,3174,3,
,09:24:04,8934,8929,8930,3175,1,
,09:24:04,8934,8929,8930,3188,13,
,09:24:05,8934,8929,8930,3188,13,
,09:24:05,8934,8929,8930,3189,1,
,09:24:06,8934,8929,8930,3190,1,
,09:24:07,8934,8929,8930,3190,1,
,09:24:07,8934,8929,8932,3213,23,
,09:24:08,8934,8929,8932,3213,23,
,09:24:09,8934,8929,8932,3213,23,
,09:24:09,8934,8929,8931,3214,1,
,09:24:10,8934,8929,8931,3214,1,
,09:24:10,8934,8929,8930,3216,2,
,09:24:11,8934,8929,8930,3217,1,
,09:24:11,8934,8929,8930,3219,2,
,09:24:13,8934,8929,8930,3219,2,
,09:24:13,8934,8929,8929,3220,1,
,09:24:14,8934,8929,8929,3220,1,
,09:24:15,8934,8929,8929,3221,1,
,09:24:15,8934,8929,8930,3222,1,
,09:24:16,8934,8929,8930,3223,1,
,09:24:16,8934,8929,8930,3224,1,
,09:24:18,8934,8929,8929,3225,1,
,09:24:18,8934,8929,8930,3226,1,
,09:24:19,8934,8929,8930,3226,1,
,09:24:19,8934,8929,8930,3226,1,
,09:24:20,8934,8929,8930,3226,1,
,09:24:20,8934,8929,8930,3227,1,
,09:24:21,8934,8929,8930,3229,2,
,09:24:21,8934,8927,8927,3259,30,
,09:24:22,8934,8927,8927,3262,3,
,09:24:23,8934,8927,8927,3262,3,
,09:24:25,8934,8927,8927,3262,3,
,09:24:26,8934,8927,8927,3265,3,
,09:24:28,8934,8927,8928,3270,5,
,09:24:29,8934,8926,8926,3320,50,
,09:24:30,8934,8926,8926,3321,1,
,09:24:30,8934,8924,8924,3332,11,
,09:24:31,8934,8924,8925,3334,2,
,09:24:31,8934,8924,8926,3344,10,
,09:24:32,8934,8924,8925,3345,1,
,09:24:32,8934,8924,8928,3353,8,
,09:24:33,8934,8924,8928,3354,1,
,09:24:33,8934,8924,8928,3355,1,
,09:24:34,8934,8924,8928,3355,1,
,09:24:34,8934,8924,8927,3356,1,
,09:24:35,8934,8924,8927,3356,1,
,09:24:35,8934,8924,8927,3356,1,
,09:24:37,8934,8924,8928,3357,1,
,09:24:38,8934,8924,8929,3358,1,
,09:24:39,8934,8924,8927,3359,1,
,09:24:40,8934,8924,8927,3359,1,
,09:24:40,8934,8924,8930,3375,16,
,09:24:41,8934,8924,8930,3375,16,
,09:24:41,8934,8924,8929,3379,4,
,09:24:42,8934,8924,8929,3379,4,
,09:24:43,8934,8924,8928,3380,1,
,09:24:44,8934,8924,8928,3380,1,
,09:24:44,8934,8924,8928,3380,1,
,09:24:46,8934,8924,8928,3380,1,
,09:24:46,8934,8924,8928,3382,2,
,09:24:48,8934,8924,8928,3382,2,
,09:24:48,8934,8924,8928,3396,14,
,09:24:50,8934,8924,8930,3403,7,
,09:24:51,8934,8924,8930,3403,7,
,09:24:52,8934,8924,8931,3408,5,
,09:24:53,8934,8924,8931,3408,5,
,09:24:53,8934,8924,8931,3408,5,
,09:24:55,8934,8924,8931,3408,5,
,09:24:56,8934,8924,8931,3408,5,
,09:24:57,8934,8924,8931,3412,4,
,09:24:58,8934,8924,8931,3413,1,
,09:25:00,8931,8931,8931,3413,1,
,09:25:00,8931,8929,8929,3424,11,
,09:25:01,8931,8928,8928,3456,32,
,09:25:02,8931,8928,8928,3456,32,
,09:25:03,8931,8927,8927,3458,2,
,09:25:04,8931,8927,8927,3458,2,
,09:25:04,8931,8927,8927,3459,1,
,09:25:05,8931,8927,8927,3501,42,
,09:25:06,8931,8927,8927,3503,2,
,09:25:07,8931,8927,8928,3543,40,
,09:25:08,8931,8927,8928,3543,40,
,09:25:09,8931,8927,8929,3544,1,
,09:25:10,8931,8925,8925,3561,17,
,09:25:11,8931,8925,8925,3561,17,
,09:25:11,8931,8925,8925,3563,2,
,09:25:12,8931,8925,8925,3563,2,
,09:25:12,8931,8925,8925,3565,2,
,09:25:13,8931,8925,8926,3568,3,
,09:25:14,8931,8925,8926,3568,3,
,09:25:15,8931,8925,8926,3568,3,
,09:25:15,8931,8925,8926,3569,1,
,09:25:16,8931,8925,8926,3569,1,
,09:25:17,8931,8925,8926,3569,1,
,09:25:17,8931,8925,8925,3577,8,
,09:25:18,8931,8925,8925,3577,8,
,09:25:18,8931,8925,8926,3578,1,
,09:25:19,8931,8925,8926,3578,1,
,09:25:19,8931,8925,8926,3582,4,
,09:25:20,8931,8925,8926,3582,4,
,09:25:21,8931,8925,8926,3582,4,
,09:25:21,8931,8925,8925,3584,2,
,09:25:22,8931,8924,8924,3615,31,
,09:25:23,8931,8924,8924,3615,31,
,09:25:24,8931,8924,8924,3615,31,
,09:25:24,8931,8924,8924,3616,1,
,09:25:25,8931,8924,8924,3616,1,
,09:25:25,8931,8924,8925,3617,1,
,09:25:26,8931,8924,8926,3618,1,
,09:25:26,8931,8924,8926,3618,1,
,09:25:29,8931,8924,8926,3619,1,
,09:25:30,8931,8924,8927,3621,2,
,09:25:31,8931,8924,8927,3621,2,
,09:25:31,8931,8924,8927,3621,2,
,09:25:32,8931,8924,8927,3621,2,
,09:25:33,8931,8924,8927,3627,6,
,09:25:34,8931,8924,8927,3628,1,
,09:25:34,8931,8924,8927,3630,2,
,09:25:35,8931,8924,8927,3634,4,
,09:25:36,8931,8924,8927,3634,4,
,09:25:38,8931,8924,8928,3639,5,
,09:25:39,8931,8924,8928,3639,5,
,09:25:39,8931,8924,8928,3639,5,
,09:25:40,8931,8924,8927,3644,5,
,09:25:41,8931,8924,8927,3644,5,
,09:25:41,8931,8924,8927,3647,3,
,09:25:42,8931,8924,8927,3647,3,
,09:25:42,8931,8924,8927,3647,3,
,09:25:43,8931,8924,8927,3647,3,
,09:25:43,8931,8924,8927,3648,1,
,09:25:44,8931,8924,8927,3649,1,
,09:25:45,8931,8924,8927,3649,1,
,09:25:46,8931,8924,8927,3649,1,
,09:25:46,8931,8924,8927,3649,1,
,09:25:47,8931,8924,8927,3650,1,
,09:25:48,8931,8924,8927,3650,1,
,09:25:48,8931,8924,8927,3650,1,
,09:25:50,8931,8924,8927,3650,1,
,09:25:51,8931,8924,8927,3650,1,
,09:25:51,8931,8924,8927,3652,2,
,09:25:52,8931,8924,8927,3652,2,
,09:25:52,8931,8924,8927,3656,4,
,09:25:53,8931,8924,8927,3656,4,
,09:25:54,8931,8924,8927,3656,4,
,09:25:55,8931,8924,8927,3656,4,
,09:25:55,8931,8924,8927,3661,5,
,09:25:56,8931,8924,8927,3661,5,
,09:25:56,8931,8924,8928,3669,8,
,09:25:57,8931,8924,8928,3670,1,
,09:25:58,8931,8924,8928,3670,1,
,09:25:59,8931,8924,8927,3680,10,
,09:25:59,8931,8924,8926,3686,6,
,09:26:00,8926,8926,8926,3686,6,
,09:26:00,8926,8926,8926,3687,1,
,09:26:01,8926,8924,8925,3700,13,
,09:26:02,8926,8924,8924,3701,1,
,09:26:02,8926,8924,8926,3706,5,
,09:26:03,8926,8924,8926,3706,5,
,09:26:04,8926,8924,8926,3707,1,
,09:26:05,8926,8924,8926,3707,1,
,09:26:06,8926,8924,8926,3707,1,
,09:26:07,8926,8924,8926,3707,1,
,09:26:07,8927,8924,8927,3709,2,
,09:26:08,8927,8924,8927,3709,2,
,09:26:08,8927,8924,8927,3710,1,
,09:26:09,8927,8924,8927,3710,1,
,09:26:09,8927,8924,8927,3711,1,
,09:26:10,8927,8924,8927,3713,2,
,09:26:11,8928,8924,8928,3714,1,
,09:26:11,8928,8924,8928,3714,1,
,09:26:12,8928,8924,8928,3714,1,
,09:26:13,8928,8924,8927,3715,1,
,09:26:13,8928,8924,8927,3718,3,
,09:26:14,8928,8924,8927,3720,2,
,09:26:15,8928,8924,8925,3722,2,
,09:26:15,8928,8924,8926,3737,15,
,09:26:16,8928,8924,8928,3738,1,
,09:26:17,8928,8924,8928,3738,1,
,09:26:17,8928,8924,8927,3745,7,
,09:26:18,8928,8924,8928,3752,7,
,09:26:19,8928,8924,8928,3752,7,
,09:26:20,8928,8924,8928,3752,7,
,09:26:20,8929,8924,8929,3757,5,
,09:26:21,8929,8924,8928,3758,1,
,09:26:21,8929,8924,8928,3764,6,
,09:26:22,8929,8924,8928,3764,6,
,09:26:22,8929,8924,8929,3766,2,
,09:26:23,8929,8924,8929,3766,2,
,09:26:24,8929,8924,8929,3767,1,
,09:26:24,8930,8924,8930,3790,23,
,09:26:26,8931,8924,8931,3801,11,
,09:26:28,8931,8924,8931,3801,11,
,09:26:29,8931,8924,8931,3801,11,
,09:26:30,8931,8924,8931,3801,11,
,09:26:31,8931,8924,8931,3805,4,
,09:26:32,8931,8924,8931,3806,1,
,09:26:32,8931,8924,8931,3815,9,
,09:26:33,8931,8924,8930,3817,2,
,09:26:34,8931,8924,8930,3817,2,
,09:26:35,8931,8924,8930,3823,6,
,09:26:36,8931,8924,8930,3823,6,
,09:26:36,8931,8924,8930,3827,4,
,09:26:37,8931,8924,8930,3827,4,
,09:26:38,8931,8924,8930,3827,4,
,09:26:39,8931,8924,8930,3827,4,
,09:26:39,8931,8924,8931,3828,1,
,09:26:40,8931,8924,8931,3828,1,
,09:26:40,8931,8924,8931,3830,2,
,09:26:41,8931,8924,8931,3830,2,
,09:26:42,8934,8924,8933,3879,49,
,09:26:43,8934,8924,8933,3880,1,
,09:26:43,8934,8924,8932,3888,8,
,09:26:45,8934,8924,8934,3897,9,
,09:26:46,8934,8924,8934,3897,9,
,09:26:46,8934,8924,8934,3898,1,
,09:26:47,8934,8924,8934,3898,1,
,09:26:48,8934,8924,8934,3898,1,
,09:26:49,8934,8924,8934,3898,1,
,09:26:49,8934,8924,8934,3898,1,
,09:26:50,8934,8924,8934,3899,1,
,09:26:51,8934,8924,8932,3910,11,
,09:26:52,8934,8924,8932,3910,11,
,09:26:52,8934,8924,8932,3911,1,
,09:26:53,8934,8924,8932,3911,1,
,09:26:53,8934,8924,8932,3911,1,
,09:26:54,8934,8924,8933,3912,1,
,09:26:54,8934,8924,8934,3913,1,
,09:26:55,8934,8924,8934,3914,1,
,09:26:56,8934,8924,8934,3918,4,
,09:26:57,8934,8924,8934,3918,4,
,09:26:57,8936,8924,8936,3931,13,
,09:26:58,8936,8924,8936,3931,13,
,09:26:58,8936,8924,8936,3934,3,
,09:26:59,8936,8924,8936,3934,3,
,09:26:59,8936,8924,8934,3939,5,
,09:27:00,8934,8934,8934,3939,5,
,09:27:00,8935,8933,8933,3949,10,
,09:27:01,8935,8933,8933,3949,10,
,09:27:01,8935,8933,8934,3950,1,
,09:27:02,8935,8933,8934,3950,1,
,09:27:03,8935,8933,8934,3950,1,
,09:27:04,8935,8933,8935,3953,3,
,09:27:05,8935,8933,8935,3953,3,
,09:27:05,8935,8933,8935,3958,5,
,09:27:06,8935,8933,8934,3964,6,
,09:27:07,8935,8933,8934,3964,6,
,09:27:09,8936,8933,8936,3965,1,
,09:27:10,8937,8933,8937,3966,1,
,09:27:10,8937,8933,8936,3985,19,
,09:27:11,8937,8933,8935,3997,12,
,09:27:12,8937,8933,8935,3997,12,
,09:27:12,8937,8933,8933,4008,11,
,09:27:13,8937,8932,8932,4016,8,
,09:27:15,8937,8931,8932,4031,15,
,09:27:16,8937,8931,8932,4031,15,
,09:27:17,8937,8931,8932,4031,15,
,09:27:17,8937,8931,8933,4032,1,
,09:27:18,8937,8931,8933,4032,1,
,09:27:18,8937,8931,8933,4042,10,
,09:27:19,8937,8931,8933,4042,10,
,09:27:20,8937,8931,8933,4042,10,
,09:27:20,8937,8931,8932,4044,2,
,09:27:21,8937,8931,8933,4050,6,
,09:27:22,8937,8931,8933,4050,6,
,09:27:22,8937,8931,8933,4050,6,
,09:27:23,8937,8931,8934,4056,6,
,09:27:24,8937,8931,8934,4056,6,
,09:27:26,8937,8931,8934,4056,6,
,09:27:27,8937,8931,8934,4056,6,
,09:27:28,8937,8931,8933,4062,6,
,09:27:29,8937,8931,8933,4070,8,
,09:27:30,8937,8931,8933,4070,8,
,09:27:30,8937,8931,8934,4071,1,
,09:27:31,8937,8931,8934,4071,1,
,09:27:31,8937,8931,8933,4079,8,
,09:27:32,8937,8931,8933,4079,8,
,09:27:33,8937,8931,8933,4082,3,
,09:27:33,8937,8931,8931,4101,19,
,09:27:34,8937,8931,8931,4101,19,
,09:27:34,8937,8930,8930,4102,1,
,09:27:35,8937,8930,8930,4102,1,
,09:27:36,8937,8930,8930,4102,1,
,09:27:37,8937,8930,8930,4102,1,
,09:27:38,8937,8930,8930,4102,1,
,09:27:38,8937,8930,8930,4106,4,
,09:27:39,8937,8930,8930,4106,4,
,09:27:40,8937,8930,8930,4106,4,
,09:27:41,8937,8930,8930,4107,1,
,09:27:42,8937,8930,8930,4108,1,
,09:27:43,8937,8930,8930,4109,1,
,09:27:43,8937,8930,8930,4114,5,
,09:27:44,8937,8929,8929,4115,1,
,09:27:47,8937,8929,8929,4115,1,
,09:27:47,8937,8929,8931,4119,4,
,09:27:48,8937,8929,8931,4119,4,
,09:27:48,8937,8929,8931,4119,4,
,09:27:50,8937,8929,8931,4123,4,
,09:27:51,8937,8929,8931,4124,1,
,09:27:51,8937,8929,8931,4124,1,
,09:27:52,8937,8929,8931,4124,1,
,09:27:53,8937,8929,8931,4124,1,
,09:27:53,8937,8929,8930,4128,4,
,09:27:54,8937,8929,8930,4128,4,
,09:27:59,8937,8929,8930,4128,4,
,09:28:00,8930,8930,8930,4130,2,
,09:28:00,8930,8930,8930,4136,6,
,09:28:01,8930,8930,8930,4136,6,
,09:28:01,8930,8929,8929,4155,19,
,09:28:02,8930,8929,8929,4156,1,
,09:28:02,8930,8929,8929,4158,2,
,09:28:03,8930,8929,8929,4158,2,
,09:28:03,8930,8929,8930,4159,1,
,09:28:04,8930,8928,8929,4179,20,
,09:28:05,8930,8928,8930,4190,11,
,09:28:06,8930,8928,8930,4190,11,
,09:28:07,8930,8928,8930,4190,11,
,09:28:07,8930,8928,8930,4191,1,
,09:28:09,8930,8928,8930,4191,1,
,09:28:10,8931,8928,8931,4203,12,
,09:28:11,8931,8928,8931,4203,12,
,09:28:12,8931,8928,8931,4203,12,
,09:28:13,8931,8928,8931,4203,12,
,09:28:13,8931,8928,8930,4207,4,
,09:28:14,8931,8928,8930,4207,4,
,09:28:14,8931,8928,8930,4207,4,
,09:28:16,8931,8928,8930,4207,4,
,09:28:18,8931,8928,8929,4208,1,
,09:28:19,8931,8928,8929,4209,1,
,09:28:19,8931,8928,8929,4216,7,
,09:28:20,8931,8928,8929,4216,7,
,09:28:21,8931,8928,8929,4216,7,
,09:28:22,8931,8928,8928,4218,2,
,09:28:22,8931,8928,8928,4219,1,
,09:28:23,8931,8928,8929,4224,5,
,09:28:24,8931,8928,8929,4224,5,
,09:28:25,8931,8928,8929,4224,5,
,09:28:25,8931,8928,8929,4224,5,
,09:28:27,8931,8928,8929,4224,5,
,09:28:29,8931,8928,8930,4230,6,
,09:28:29,8931,8928,8930,4230,6,
,09:28:30,8931,8928,8930,4230,6,
,09:28:31,8931,8928,8930,4230,6,
,09:28:32,8931,8928,8930,4230,6,
,09:28:33,8931,8928,8931,4232,2,
,09:28:33,8931,8928,8931,4232,2,
,09:28:34,8932,8928,8931,4245,13,
,09:28:35,8932,8928,8931,4245,13,
,09:28:36,8932,8928,8931,4245,13,
,09:28:37,8932,8928,8931,4245,13,
,09:28:38,8932,8928,8931,4245,13,
,09:28:40,8932,8928,8931,4245,13,
,09:28:40,8932,8928,8930,4252,7,
,09:28:41,8932,8928,8930,4252,7,
,09:28:41,8932,8928,8930,4256,4,
,09:28:42,8932,8928,8930,4256,4,
,09:28:43,8932,8928,8930,4256,4,
,09:28:47,8932,8928,8930,4261,5,
,09:28:48,8932,8928,8930,4261,5,
,09:28:50,8932,8928,8930,4261,5,
,09:28:51,8932,8928,8930,4261,5,
,09:28:51,8932,8928,8931,4262,1,
,09:28:52,8932,8928,8931,4265,3,
,09:28:53,8932,8928,8931,4267,2,
,09:28:55,8932,8928,8931,4267,2,
,09:28:55,8932,8928,8931,4268,1,
,09:28:56,8932,8928,8931,4268,1,
,09:28:56,8932,8928,8930,4272,4,
,09:28:57,8932,8928,8930,4272,4,
,09:28:57,8932,8928,8932,4274,2,
,09:28:58,8932,8928,8931,4276,2,
,09:28:59,8932,8928,8931,4276,2,
,09:28:59,8932,8928,8931,4276,2,
,09:29:00,8932,8932,8932,4277,1,
,09:29:00,8932,8930,8930,4285,8,
,09:29:01,8932,8930,8930,4285,8,
,09:29:01,8932,8928,8929,4295,10,
,09:29:02,8932,8928,8929,4295,10,
,09:29:02,8932,8928,8928,4297,2,
,09:29:03,8932,8928,8928,4297,2,
,09:29:03,8932,8928,8930,4298,1,
,09:29:04,8932,8928,8929,4299,1,
,09:29:05,8932,8928,8931,4302,3,
,09:29:05,8932,8928,8930,4303,1,
,09:29:06,8933,8928,8933,4322,19,
,09:29:07,8934,8928,8934,4323,1,
,09:29:07,8934,8928,8934,4323,1,
,09:29:09,8934,8928,8934,4323,1,
,09:29:10,8934,8928,8934,4335,12,
,09:29:11,8934,8928,8934,4335,12,
,09:29:11,8934,8928,8933,4338,3,
,09:29:13,8934,8928,8933,4338,3,
,09:29:14,8934,8928,8933,4338,3,
,09:29:15,8934,8928,8934,4339,1,
,09:29:16,8934,8928,8934,4339,1,
,09:29:17,8934,8928,8933,4340,1,
,09:29:17,8934,8928,8932,4342,2,
,09:29:18,8934,8928,8932,4342,2,
,09:29:19,8934,8928,8933,4343,1,
,09:29:19,8934,8928,8933,4343,1,
,09:29:21,8934,8928,8933,4345,2,
,09:29:21,8934,8928,8933,4346,1,
,09:29:22,8934,8928,8933,4346,1,
,09:29:23,8934,8928,8934,4350,4,
,09:29:23,8935,8928,8935,4352,2,
,09:29:24,8935,8928,8935,4352,2,
,09:29:25,8935,8928,8935,4352,2,
,09:29:28,8935,8928,8935,4376,24,
,09:29:29,8935,8928,8935,4376,24,
,09:29:29,8935,8928,8935,4379,3,
,09:29:31,8935,8928,8934,4383,4,
,09:29:32,8935,8928,8933,4389,6,
,09:29:33,8935,8928,8934,4391,2,
,09:29:34,8935,8928,8934,4391,2,
,09:29:35,8935,8928,8934,4391,2,
,09:29:36,8935,8928,8934,4392,1,
,09:29:36,8935,8928,8934,4394,2,
,09:29:37,8935,8928,8934,4397,3,
,09:29:38,8935,8928,8934,4397,3,
,09:29:39,8935,8928,8934,4397,3,
,09:29:39,8935,8928,8934,4397,3,
,09:29:40,8935,8928,8935,4405,8,
,09:29:41,8935,8928,8935,4406,1,
,09:29:42,8935,8928,8935,4406,1,
,09:29:43,8935,8928,8935,4406,1,
,09:29:44,8935,8928,8935,4406,1,
,09:29:45,8935,8928,8935,4407,1,
,09:29:45,8935,8928,8935,4407,1,
,09:29:46,8935,8928,8935,4408,1,
,09:29:46,8935,8928,8935,4408,1,
,09:29:48,8935,8928,8934,4411,3,
,09:29:49,8935,8928,8935,4412,1,
,09:29:49,8935,8928,8935,4412,1,
,09:29:51,8935,8928,8935,4412,1,
,09:29:51,8935,8928,8934,4414,2,
,09:29:52,8935,8928,8933,4422,8,
,09:29:53,8935,8928,8933,4422,8,
,09:29:54,8935,8928,8933,4422,8,
,09:29:54,8935,8928,8934,4424,2,
,09:29:55,8935,8928,8933,4425,1,
,09:29:56,8935,8928,8933,4425,1,
,09:29:57,8935,8928,8934,4427,2,
,09:29:58,8935,8928,8934,4427,2,
,09:29:59,8935,8928,8933,4428,1,
,09:29:59,8935,8928,8933,4431,3,
,09:30:00,8932,8932,8932,4435,4,
,09:30:00,8933,8927,8927,4580,145,
,09:30:01,8933,8927,8927,4581,1,
,09:30:01,8933,8926,8927,4612,31,
,09:30:02,8933,8924,8925,4684,72,
,09:30:03,8933,8922,8923,4731,47,
,09:30:04,8933,8922,8922,4750,19,
,09:30:05,8933,8922,8924,4777,27,
,09:30:06,8933,8922,8925,4778,1,
,09:30:06,8933,8922,8924,4781,3,
,09:30:07,8933,8922,8923,4784,3,
,09:30:07,8933,8922,8923,4787,3,
,09:30:08,8933,8922,8925,4843,56,
,09:30:09,8933,8922,8927,4847,4,
,09:30:10,8933,8922,8928,4849,2,
,09:30:10,8933,8922,8928,4894,45,
,09:30:11,8933,8922,8928,4899,5,
,09:30:11,8933,8922,8929,4920,21,
,09:30:12,8933,8922,8928,4924,4,
,09:30:12,8933,8922,8930,4946,22,
,09:30:13,8933,8922,8930,4946,22,
,09:30:13,8933,8922,8927,4961,15,
,09:30:14,8933,8922,8927,4961,15,
,09:30:15,8933,8922,8929,4962,1,
,09:30:15,8933,8922,8925,4970,8,
,09:30:16,8933,8922,8925,4970,8,
,09:30:16,8933,8922,8925,4972,2,
,09:30:17,8933,8922,8924,4977,5,
,09:30:18,8933,8922,8924,4979,2,
,09:30:18,8933,8922,8925,4990,11,
,09:30:19,8933,8922,8925,4991,1,
,09:30:19,8933,8922,8925,4993,2,
,09:30:20,8933,8922,8925,4993,2,
,09:30:20,8933,8922,8922,5014,21,
,09:30:21,8933,8922,8922,5014,21,
,09:30:21,8933,8922,8924,5023,9,
,09:30:22,8933,8922,8924,5024,1,
,09:30:22,8933,8922,8923,5025,1,
,09:30:23,8933,8920,8921,5057,32,
,09:30:24,8933,8920,8922,5058,1,
,09:30:24,8933,8920,8921,5059,1,
,09:30:25,8933,8920,8922,5061,2,
,09:30:25,8933,8920,8921,5067,6,
,09:30:26,8933,8920,8921,5068,1,
,09:30:26,8933,8920,8920,5079,11,
,09:30:27,8933,8918,8919,5093,14,
,09:30:28,8933,8918,8922,5149,56,
,09:30:29,8933,8918,8923,5159,10,
,09:30:30,8933,8918,8924,5166,7,
,09:30:31,8933,8918,8923,5179,13,
,09:30:31,8933,8918,8922,5180,1,
,09:30:32,8933,8918,8923,5183,3,
,09:30:32,8933,8918,8923,5188,5,
,09:30:33,8933,8918,8923,5189,1,
,09:30:33,8933,8918,8923,5191,2,
,09:30:34,8933,8918,8923,5191,2,
,09:30:34,8933,8918,8924,5192,1,
,09:30:35,8933,8918,8923,5194,2,
,09:30:35,8933,8918,8928,5231,37,
,09:30:36,8933,8918,8928,5231,37,
,09:30:36,8933,8918,8928,5231,37,
,09:30:37,8933,8918,8925,5238,7,
,09:30:38,8933,8918,8924,5241,3,
,09:30:38,8933,8918,8923,5255,14,
,09:30:39,8933,8918,8923,5256,1,
,09:30:39,8933,8918,8922,5282,26,
,09:30:40,8933,8918,8922,5286,4,
,09:30:41,8933,8918,8922,5286,4,
,09:30:41,8933,8918,8925,5297,11,
,09:30:42,8933,8918,8925,5297,11,
,09:30:42,8933,8918,8925,5300,3,
,09:30:43,8933,8918,8925,5300,3,
,09:30:43,8933,8918,8926,5302,2,
,09:30:44,8933,8918,8926,5302,2,
,09:30:44,8933,8918,8925,5303,1,
,09:30:45,8933,8918,8925,5303,1,
,09:30:45,8933,8918,8926,5306,3,
,09:30:46,8933,8918,8926,5306,3,
,09:30:46,8933,8918,8923,5321,15,
,09:30:47,8933,8918,8923,5321,15,
,09:30:47,8933,8918,8925,5326,5,
,09:30:48,8933,8918,8924,5327,1,
,09:30:48,8933,8918,8927,5376,49,
,09:30:49,8933,8918,8927,5383,7,
,09:30:50,8933,8918,8927,5383,7,
,09:30:51,8933,8918,8927,5383,7,
,09:30:51,8933,8918,8924,5387,4,
,09:30:52,8933,8918,8924,5387,4,
,09:30:52,8933,8918,8923,5396,9,
,09:30:53,8933,8918,8923,5396,9,
,09:30:53,8933,8918,8921,5414,18,
,09:30:54,8933,8918,8921,5415,1,
,09:30:54,8933,8918,8922,5423,8,
,09:30:55,8933,8918,8921,5426,3,
,09:30:55,8933,8918,8923,5429,3,
,09:30:56,8933,8918,8923,5429,3,
,09:30:56,8933,8918,8925,5435,6,
,09:30:57,8933,8918,8926,5436,1,
,09:30:57,8933,8918,8924,5445,9,
,09:30:58,8933,8918,8924,5445,9,
,09:30:58,8933,8918,8926,5448,3,
,09:30:59,8933,8918,8926,5448,3,
,09:30:59,8933,8918,8924,5453,5,
,09:31:00,8924,8924,8924,5453,5,
,09:31:00,8924,8923,8923,5455,2,
,09:31:01,8924,8922,8922,5465,10,
,09:31:02,8924,8922,8922,5468,3,
,09:31:02,8924,8921,8921,5480,12,
,09:31:03,8924,8921,8921,5480,12,
,09:31:03,8924,8920,8920,5502,22,
,09:31:04,8924,8920,8920,5505,3,
,09:31:04,8924,8920,8920,5506,1,
,09:31:05,8924,8920,8920,5506,1,
,09:31:06,8924,8920,8920,5507,1,
,09:31:06,8924,8920,8920,5511,4,
,09:31:07,8924,8920,8920,5513,2,
,09:31:08,8924,8920,8920,5513,2,
,09:31:08,8924,8920,8920,5513,2,
,09:31:09,8924,8920,8920,5513,2,
,09:31:09,8924,8920,8920,5519,6,
,09:31:10,8924,8920,8920,5520,1,
,09:31:10,8924,8919,8919,5526,6,
,09:31:11,8924,8919,8919,5527,1,
,09:31:11,8924,8918,8918,5553,26,
,09:31:12,8924,8918,8918,5553,26,
,09:31:12,8924,8918,8919,5561,8,
,09:31:13,8924,8918,8919,5561,8,
,09:31:14,8924,8917,8917,5572,11,
,09:31:15,8924,8916,8916,5576,4,
,09:31:16,8924,8916,8916,5576,4,
,09:31:16,8924,8916,8918,5577,1,
,09:31:17,8924,8916,8919,5588,11,
,09:31:18,8924,8916,8919,5596,8,
,09:31:19,8924,8916,8920,5597,1,
,09:31:20,8924,8916,8920,5597,1,
,09:31:20,8924,8916,8919,5650,53,
,09:31:21,8924,8916,8919,5650,53,
,09:31:21,8924,8916,8917,5657,7,
,09:31:22,8924,8916,8917,5657,7,
,09:31:22,8924,8916,8918,5658,1,
,09:31:23,8924,8916,8918,5659,1,
,09:31:23,8924,8916,8917,5660,1,
,09:31:24,8924,8916,8917,5664,4,
,09:31:25,8924,8916,8917,5664,4,
,09:31:25,8924,8912,8912,5767,103,
,09:31:26,8924,8912,8912,5769,2,
,09:31:27,8924,8912,8912,5769,2,
,09:31:27,8924,8912,8912,5771,2,
,09:31:28,8924,8912,8912,5771,2,
,09:31:28,8924,8912,8913,5780,9,
,09:31:29,8924,8912,8913,5781,1,
,09:31:29,8924,8912,8915,5786,5,
,09:31:30,8924,8912,8914,5787,1,
,09:31:30,8924,8912,8915,5789,2,
,09:31:31,8924,8912,8915,5796,7,
,09:31:32,8924,8912,8915,5796,7,
,09:31:32,8924,8912,8915,5797,1,
,09:31:33,8924,8912,8915,5804,7,
,09:31:33,8924,8912,8915,5804,7,
,09:31:34,8924,8912,8914,5808,4,
,09:31:35,8924,8912,8914,5809,1,
,09:31:35,8924,8912,8914,5810,1,
,09:31:36,8924,8912,8914,5810,1,
,09:31:36,8924,8912,8915,5819,9,
,09:31:37,8924,8912,8915,5820,1,
,09:31:37,8924,8912,8913,5827,7,
,09:31:38,8924,8912,8913,5827,7,
,09:31:38,8924,8912,8912,5838,11,
,09:31:39,8924,8912,8912,5841,3,
,09:31:40,8924,8911,8911,5842,1,
,09:31:40,8924,8911,8912,5844,2,
,09:31:41,8924,8911,8912,5844,2,
,09:31:41,8924,8911,8911,5846,2,
,09:31:42,8924,8911,8912,5847,1,
,09:31:42,8924,8911,8913,5851,4,
,09:31:43,8924,8911,8913,5851,4,
,09:31:44,8924,8911,8913,5853,2,
,09:31:45,8924,8911,8914,5855,2,
,09:31:46,8924,8911,8914,5855,2,
,09:31:46,8924,8911,8914,5857,2,
,09:31:47,8924,8911,8914,5857,2,
,09:31:47,8924,8911,8914,5860,3,
,09:31:48,8924,8911,8915,5861,1,
,09:31:48,8924,8911,8915,5868,7,
,09:31:49,8924,8911,8915,5868,7,
,09:31:49,8924,8911,8915,5868,7,
,09:31:50,8924,8911,8917,5886,18,
,09:31:51,8924,8911,8917,5899,13,
,09:31:52,8924,8911,8917,5902,3,
,09:31:53,8924,8911,8917,5902,3,
,09:31:54,8924,8911,8917,5905,3,
,09:31:54,8924,8911,8917,5914,9,
,09:31:55,8924,8911,8917,5914,9,
,09:31:55,8924,8911,8918,5919,5,
,09:31:56,8924,8911,8917,5924,5,
,09:31:57,8924,8911,8917,5924,5,
,09:31:58,8924,8911,8917,5924,5,
,09:31:58,8924,8911,8915,5951,27,
,09:31:59,8924,8911,8914,5956,5,
,09:31:59,8924,8911,8915,5960,4,
,09:32:00,8914,8914,8914,5961,1,
,09:32:00,8916,8914,8914,5963,2,
,09:32:01,8916,8914,8914,5963,2,
,09:32:01,8916,8913,8913,5973,10,
,09:32:02,8916,8913,8913,5973,10,
,09:32:02,8916,8913,8913,5973,10,
,09:32:03,8916,8913,8914,5979,6,
,09:32:04,8916,8913,8914,5979,6,
,09:32:04,8916,8913,8914,5980,1,
,09:32:05,8916,8913,8913,5984,4,
,09:32:06,8916,8913,8914,5985,1,
,09:32:06,8916,8913,8914,5986,1,
,09:32:07,8916,8913,8915,5987,1,
,09:32:08,8916,8913,8915,5987,1,
,09:32:08,8916,8913,8914,5989,2,
,09:32:09,8916,8913,8914,5989,2,
,09:32:09,8916,8913,8915,5990,1,
,09:32:11,8916,8913,8915,5992,2,
,09:32:11,8916,8913,8915,5996,4,
,09:32:12,8916,8913,8914,6003,7,
,09:32:13,8916,8913,8914,6003,7,
,09:32:13,8916,8913,8914,6015,12,
,09:32:14,8916,8913,8914,6015,12,
,09:32:14,8916,8913,8914,6017,2,
,09:32:15,8916,8913,8914,6034,17,
,09:32:16,8916,8913,8914,6034,17,
,09:32:17,8916,8913,8915,6038,4,
,09:32:18,8916,8913,8915,6038,4,
,09:32:19,8916,8913,8915,6044,6,
,09:32:20,8916,8913,8915,6044,6,
,09:32:20,8916,8913,8914,6051,7,
,09:32:21,8916,8913,8913,6052,1,
,09:32:21,8916,8913,8914,6056,4,
,09:32:22,8916,8913,8913,6057,1,
,09:32:22,8916,8913,8915,6062,5,
,09:32:23,8916,8913,8915,6064,2,
,09:32:24,8916,8913,8915,6064,2,
,09:32:25,8916,8913,8915,6064,2,
,09:32:25,8916,8913,8916,6067,3,
,09:32:26,8918,8913,8918,6074,7,
,09:32:27,8918,8913,8918,6074,7,
,09:32:27,8918,8913,8918,6075,1,
,09:32:28,8918,8913,8916,6102,27,
,09:32:29,8918,8913,8916,6102,27,
,09:32:29,8918,8913,8915,6103,1,
,09:32:30,8918,8913,8915,6103,1,
,09:32:31,8918,8913,8913,6158,55,
,09:32:32,8918,8912,8912,6161,3,
,09:32:33,8918,8912,8912,6161,3,
,09:32:33,8918,8912,8912,6162,1,
,09:32:34,8918,8912,8913,6163,1,
,09:32:34,8918,8912,8912,6166,3,
,09:32:35,8918,8912,8912,6166,3,
,09:32:35,8918,8912,8912,6168,2,
,09:32:36,8918,8912,8912,6169,1,
,09:32:36,8918,8912,8912,6169,1,
,09:32:38,8918,8912,8914,6176,7,
,09:32:39,8918,8912,8914,6176,7,
,09:32:39,8918,8912,8915,6177,1,
,09:32:40,8918,8912,8915,6177,1,
,09:32:40,8918,8912,8916,6180,3,
,09:32:41,8918,8912,8916,6180,3,
,09:32:41,8918,8912,8917,6184,4,
,09:32:42,8918,8912,8917,6184,4,
,09:32:42,8918,8912,8917,6184,4,
,09:32:43,8918,8912,8917,6184,4,
,09:32:43,8918,8912,8916,6185,1,
,09:32:44,8918,8912,8916,6185,1,
,09:32:44,8918,8912,8916,6186,1,
,09:32:45,8918,8912,8916,6186,1,
,09:32:46,8918,8912,8915,6187,1,
,09:32:46,8918,8912,8915,6188,1,
,09:32:47,8918,8912,8915,6188,1,
,09:32:48,8918,8912,8914,6189,1,
,09:32:49,8918,8912,8915,6191,2,
,09:32:49,8918,8912,8915,6194,3,
,09:32:50,8918,8912,8915,6194,3,
,09:32:50,8918,8912,8915,6195,1,
,09:32:52,8918,8912,8915,6200,5,
,09:32:53,8918,8912,8914,6201,1,
,09:32:54,8918,8912,8916,6207,6,
,09:32:55,8918,8912,8916,6207,6,
,09:32:55,8918,8912,8916,6207,6,
,09:32:56,8918,8912,8917,6218,11,
,09:32:57,8918,8912,8917,6218,11,
,09:32:58,8918,8912,8917,6218,11,
,09:32:58,8918,8912,8918,6232,14,
,09:32:59,8918,8912,8918,6233,1,
,09:33:00,8919,8919,8919,6235,2,
,09:33:01,8919,8919,8919,6235,2,
,09:33:01,8919,8919,8919,6235,2,
,09:33:02,8919,8919,8919,6235,2,
,09:33:03,8919,8919,8919,6235,2,
,09:33:04,8919,8918,8918,6237,2,
,09:33:05,8919,8918,8918,6237,2,
,09:33:05,8919,8917,8919,6244,7,
,09:33:06,8919,8917,8919,6244,7,
,09:33:06,8919,8917,8917,6247,3,
,09:33:07,8919,8916,8916,6248,1,
,09:33:07,8919,8916,8917,6250,2,
,09:33:08,8919,8916,8917,6251,1,
,09:33:08,8919,8916,8918,6254,3,
,09:33:09,8919,8916,8917,6255,1,
,09:33:09,8919,8916,8917,6256,1,
,09:33:10,8919,8916,8917,6256,1,
,09:33:10,8919,8916,8917,6257,1,
,09:33:11,8919,8916,8918,6261,4,
,09:33:12,8919,8916,8918,6262,1,
,09:33:12,8919,8916,8919,6270,8,
,09:33:13,8919,8916,8919,6270,8,
,09:33:13,8919,8916,8917,6275,5,
,09:33:14,8919,8916,8918,6290,15,
,09:33:15,8919,8916,8917,6291,1,
,09:33:15,8919,8916,8918,6342,51,
,09:33:16,8919,8916,8917,6350,8,
,09:33:16,8919,8916,8918,6355,5,
,09:33:17,8919,8916,8918,6355,5,
,09:33:17,8919,8916,8919,6365,10,
,09:33:18,8919,8916,8918,6367,2,
,09:33:18,8919,8916,8919,6369,2,
,09:33:19,8920,8916,8920,6371,2,
,09:33:19,8921,8916,8920,6376,5,
,09:33:20,8921,8916,8920,6376,5,
,09:33:20,8921,8916,8921,6388,12,
,09:33:21,8921,8916,8920,6390,2,
,09:33:21,8921,8916,8919,6391,1,
,09:33:22,8921,8916,8919,6391,1,
,09:33:23,8921,8916,8919,6391,1,
,09:33:23,8922,8916,8922,6404,13,
,09:33:24,8923,8916,8922,6415,11,
,09:33:25,8923,8916,8923,6417,2,
,09:33:26,8923,8916,8923,6417,2,
,09:33:27,8923,8916,8923,6417,2,
,09:33:27,8924,8916,8923,6434,17,
,09:33:28,8924,8916,8923,6434,17,
,09:33:28,8924,8916,8924,6439,5,
,09:33:29,8924,8916,8924,6439,5,
,09:33:29,8924,8916,8924,6444,5,
,09:33:30,8924,8916,8924,6444,5,
,09:33:31,8924,8916,8924,6445,1,
,09:33:31,8924,8916,8924,6446,1,
,09:33:32,8924,8916,8924,6446,1,
,09:33:32,8924,8916,8924,6446,1,
,09:33:33,8924,8916,8924,6465,19,
,09:33:34,8924,8916,8924,6465,19,
,09:33:35,8924,8916,8924,6465,19,
,09:33:35,8927,8916,8927,6501,36,
,09:33:36,8928,8916,8928,6526,25,
,09:33:37,8928,8916,8928,6526,25,
,09:33:37,8928,8916,8927,6539,13,
,09:33:38,8928,8916,8927,6541,2,
,09:33:38,8928,8916,8926,6542,1,
,09:33:39,8928,8916,8926,6543,1,
,09:33:39,8928,8916,8927,6544,1,
,09:33:40,8928,8916,8927,6544,1,
,09:33:41,8928,8916,8928,6553,9,
,09:33:42,8929,8916,8928,6572,19,
,09:33:43,8929,8916,8928,6572,19,
,09:33:43,8929,8916,8927,6573,1,
,09:33:44,8929,8916,8926,6574,1,
,09:33:44,8929,8916,8926,6591,17,
,09:33:45,8929,8916,8926,6591,17,
,09:33:45,8929,8916,8925,6602,11,
,09:33:46,8929,8916,8925,6602,11,
,09:33:48,8929,8916,8925,6602,11,
,09:33:49,8929,8916,8925,6603,1,
,09:33:49,8929,8916,8924,6605,2,
,09:33:50,8929,8916,8924,6605,2,
,09:33:50,8929,8916,8924,6606,1,
,09:33:51,8929,8916,8922,6608,2,
,09:33:52,8929,8916,8922,6608,2,
,09:33:52,8929,8916,8925,6628,20,
,09:33:53,8929,8916,8925,6628,20,
,09:33:53,8929,8916,8925,6633,5,
,09:33:54,8929,8916,8925,6633,5,
,09:33:55,8929,8916,8924,6640,7,
,09:33:56,8929,8916,8924,6640,7,
,09:33:56,8929,8916,8924,6640,7,
,09:33:57,8929,8916,8924,6640,7,
,09:33:57,8929,8916,8926,6649,9,
,09:33:58,8929,8916,8926,6651,2,
,09:33:59,8929,8916,8926,6651,2,
,09:34:00,8926,8926,8926,6651,2,
,09:34:01,8927,8926,8926,6661,10,
,09:34:02,8927,8925,8925,6662,1,
,09:34:02,8927,8923,8923,6700,38,
,09:34:03,8927,8923,8924,6703,3,
,09:34:04,8927,8923,8924,6704,1,
,09:34:05,8927,8923,8925,6705,1,
,09:34:06,8927,8923,8925,6712,7,
,09:34:06,8927,8923,8923,6716,4,
,09:34:07,8927,8923,8923,6716,4,
,09:34:07,8927,8923,8924,6718,2,
,09:34:08,8927,8923,8924,6718,2,
,09:34:09,8927,8923,8924,6718,2,
,09:34:09,8927,8923,8924,6719,1,
,09:34:10,8927,8923,8924,6720,1,
,09:34:10,8927,8923,8924,6721,1,
,09:34:11,8927,8923,8923,6722,1,
,09:34:11,8927,8923,8925,6732,10,
,09:34:12,8927,8923,8926,6744,12,
,09:34:13,8927,8923,8926,6744,12,
,09:34:13,8928,8923,8928,6754,10,
,09:34:14,8928,8923,8928,6754,10,
,09:34:15,8928,8923,8928,6754,10,
,09:34:15,8928,8923,8928,6758,4,
,09:34:16,8928,8923,8928,6760,2,
,09:34:18,8929,8923,8928,6772,12,
,09:34:19,8929,8923,8928,6772,12,
,09:34:19,8929,8923,8929,6781,9,
,09:34:20,8930,8923,8930,6789,8,
,09:34:21,8930,8923,8930,6790,1,
,09:34:21,8931,8923,8931,6804,14,
,09:34:22,8931,8923,8931,6805,1,
,09:34:23,8931,8923,8930,6817,12,
,09:34:24,8931,8923,8929,6827,10,
,09:34:24,8931,8923,8930,6834,7,
,09:34:25,8931,8923,8930,6834,7,
,09:34:25,8931,8923,8931,6853,19,
,09:34:26,8931,8923,8931,6853,19,
,09:34:27,8931,8923,8931,6853,19,
,09:34:27,8931,8923,8931,6856,3,
,09:34:28,8931,8923,8930,6877,21,
,09:34:29,8931,8923,8930,6877,21,
,09:34:30,8931,8923,8930,6877,21,
,09:34:30,8931,8923,8931,6887,10,
,09:34:31,8931,8923,8929,6894,7,
,09:34:32,8931,8923,8929,6894,7,
,09:34:32,8931,8923,8929,6917,23,
,09:34:33,8931,8923,8929,6917,23,
,09:34:33,8931,8923,8930,6921,4,
,09:34:34,8931,8923,8930,6921,4,
,09:34:34,8931,8923,8931,6927,6,
,09:34:35,8931,8923,8930,6928,1,
,09:34:36,8931,8923,8929,6929,1,
,09:34:36,8931,8923,8930,6930,1,
,09:34:37,8931,8923,8930,6930,1,
,09:34:37,8931,8923,8931,6933,3,
,09:34:38,8931,8923,8931,6937,4,
,09:34:38,8932,8923,8932,6940,3,
,09:34:39,8932,8923,8932,6942,2,
,09:34:40,8932,8923,8932,6942,2,
,09:34:40,8932,8923,8931,6946,4,
,09:34:41,8932,8923,8931,6946,4,
,09:34:41,8932,8923,8931,6948,2,
,09:34:42,8932,8923,8931,6948,2,
,09:34:42,8932,8923,8932,6951,3,
,09:34:43,8932,8923,8932,6951,3,
,09:34:43,8935,8923,8935,6972,21,
,09:34:44,8935,8923,8935,6972,21,
,09:34:44,8935,8923,8935,6981,9,
,09:34:45,8935,8923,8935,6982,1,
,09:34:45,8935,8923,8935,6985,3,
,09:34:46,8935,8923,8935,6985,3,
,09:34:47,8935,8923,8935,6985,3,
,09:34:47,8936,8923,8936,6986,1,
,09:34:48,8936,8923,8936,6987,1,
,09:34:48,8936,8923,8934,7005,18,
,09:34:49,8936,8923,8933,7007,2,
,09:34:50,8936,8923,8934,7008,1,
,09:34:50,8936,8923,8934,7009,1,
,09:34:51,8936,8923,8934,7009,1,
,09:34:51,8936,8923,8934,7010,1,
,09:34:52,8936,8923,8934,7010,1,
,09:34:52,8936,8923,8933,7013,3,
,09:34:53,8936,8923,8933,7014,1,
,09:34:53,8936,8923,8933,7023,9,
,09:34:54,8936,8923,8934,7035,12,
,09:34:55,8936,8923,8934,7035,12,
,09:34:55,8936,8923,8935,7036,1,
,09:34:56,8936,8923,8934,7037,1,
,09:34:56,8936,8923,8933,7042,5,
,09:34:57,8936,8923,8933,7043,1,
,09:34:57,8936,8923,8934,7044,1,
,09:34:58,8936,8923,8935,7047,3,
,09:34:59,8936,8923,8935,7048,1,
,09:34:59,8936,8923,8936,7124,76,
,09:35:00,8937,8937,8937,7128,4,
,09:35:00,8937,8937,8937,7129,1,
,09:35:01,8937,8937,8937,7129,1,
,09:35:01,8938,8937,8938,7148,19,
,09:35:02,8938,8937,8938,7155,7,
,09:35:03,8938,8937,8938,7155,7,
,09:35:03,8938,8937,8937,7158,3,
,09:35:04,8938,8937,8937,7158,3,
,09:35:04,8938,8935,8935,7176,18,
,09:35:05,8938,8935,8935,7176,18,
,09:35:05,8938,8935,8936,7178,2,
,09:35:06,8938,8935,8936,7179,1,
,09:35:06,8938,8935,8936,7180,1,
,09:35:07,8938,8935,8936,7180,1,
,09:35:08,8938,8935,8937,7201,21,
,09:35:09,8938,8935,8937,7202,1,
,09:35:09,8938,8934,8934,7228,26,
,09:35:10,8938,8934,8936,7264,36,
,09:35:11,8938,8934,8936,7264,36,
,09:35:11,8938,8934,8935,7277,13,
,09:35:12,8938,8934,8935,7277,13,
,09:35:12,8938,8934,8936,7278,1,
,09:35:13,8938,8934,8936,7278,1,
,09:35:13,8938,8934,8935,7279,1,
,09:35:14,8938,8934,8935,7280,1,
,09:35:14,8938,8934,8935,7282,2,
,09:35:15,8938,8934,8935,7285,3,
,09:35:15,8938,8933,8933,7287,2,
,09:35:16,8938,8933,8933,7287,2,
,09:35:16,8938,8933,8934,7290,3,
,09:35:17,8938,8932,8932,7295,5,
,09:35:18,8938,8932,8932,7296,1,
,09:35:18,8938,8932,8933,7297,1,
,09:35:19,8938,8932,8933,7297,1,
,09:35:19,8938,8932,8933,7298,1,
,09:35:20,8938,8932,8934,7300,2,
,09:35:21,8938,8932,8934,7309,9,
,09:35:22,8938,8932,8935,7316,7,
,09:35:23,8938,8932,8935,7325,9,
,09:35:24,8938,8932,8935,7325,9,
,09:35:25,8938,8932,8935,7325,9,
,09:35:25,8938,8932,8934,7327,2,
,09:35:26,8938,8932,8937,7335,8,
,09:35:27,8938,8932,8937,7336,1,
,09:35:28,8938,8932,8937,7336,1,
,09:35:29,8938,8932,8936,7340,4,
,09:35:30,8938,8932,8936,7340,4,
,09:35:30,8938,8932,8938,7341,1,
,09:35:31,8938,8932,8938,7341,1,
,09:35:31,8938,8932,8938,7348,7,
,09:35:32,8938,8932,8938,7348,7,
,09:35:32,8939,8932,8938,7357,9,
,09:35:33,8939,8932,8938,7357,9,
,09:35:34,8939,8932,8938,7357,9,
,09:35:34,8939,8932,8937,7361,4,
,09:35:35,8939,8932,8937,7361,4,
,09:35:35,8939,8932,8938,7364,3,
,09:35:36,8939,8932,8938,7364,3,
,09:35:36,8939,8932,8939,7371,7,
,09:35:37,8940,8932,8939,7382,11,
,09:35:38,8940,8932,8939,7384,2,
,09:35:38,8940,8932,8938,7388,4,
,09:35:39,8940,8932,8940,7389,1,
,09:35:40,8940,8932,8940,7393,4,
,09:35:41,8940,8932,8940,7393,4,
,09:35:41,8940,8932,8939,7401,8,
,09:35:42,8940,8932,8939,7401,8,
,09:35:42,8940,8932,8939,7402,1,
,09:35:43,8940,8932,8939,7402,1,
,09:35:43,8940,8932,8940,7409,7,
,09:35:45,8940,8932,8940,7409,7,
,09:35:45,8942,8932,8942,7428,19,
,09:35:46,8942,8932,8942,7428,19,
,09:35:46,8942,8932,8940,7493,65,
,09:35:47,8942,8932,8941,7514,21,
,09:35:48,8942,8932,8941,7514,21,
,09:35:48,8942,8932,8942,7520,6,
,09:35:49,8942,8932,8942,7521,1,
,09:35:49,8942,8932,8942,7522,1,
,09:35:50,8942,8932,8942,7522,1,
,09:35:51,8942,8932,8941,7525,3,
,09:35:51,8942,8932,8941,7528,3,
,09:35:52,8942,8932,8941,7529,1,
,09:35:52,8942,8932,8942,7557,28,
,09:35:53,8942,8932,8942,7557,28,
,09:35:53,8943,8932,8943,7571,14,
,09:35:54,8943,8932,8943,7571,14,
,09:35:54,8944,8932,8944,7589,18,
,09:35:55,8946,8932,8944,7657,68,
,09:35:56,8946,8932,8943,7659,2,
,09:35:56,8946,8932,8943,7674,15,
,09:35:57,8946,8932,8944,7675,1,
,09:35:58,8946,8932,8945,7681,6,
,09:35:59,8946,8932,8946,7694,13,
,09:36:00,8945,8945,8945,7696,2,
,09:36:00,8946,8945,8945,7713,17,
,09:36:01,8946,8945,8946,7715,2,
,09:36:01,8946,8944,8944,7716,1,
,09:36:02,8946,8944,8944,7719,3,
,09:36:02,8946,8944,8944,7734,15,
,09:36:03,8946,8944,8944,7738,4,
,09:36:03,8946,8943,8943,7751,13,
,09:36:04,8946,8943,8943,7751,13,
,09:36:04,8946,8943,8945,7756,5,
,09:36:05,8946,8943,8945,7756,5,
,09:36:05,8946,8943,8943,7764,8,
,09:36:06,8946,8943,8945,7809,45,
,09:36:07,8946,8943,8946,7811,2,
,09:36:07,8946,8943,8946,7815,4,
,09:36:08,8946,8943,8946,7815,4,
,09:36:08,8946,8943,8944,7837,22,
,09:36:09,8946,8943,8944,7837,22,
,09:36:09,8946,8943,8944,7838,1,
,09:36:10,8946,8943,8943,7839,1,
,09:36:10,8946,8943,8943,7841,2,
,09:36:11,8946,8943,8943,7841,2,
,09:36:11,8946,8943,8944,7847,6,
,09:36:12,8946,8943,8944,7847,6,
,09:36:12,8946,8943,8944,7849,2,
,09:36:13,8946,8943,8944,7849,2,
,09:36:13,8946,8943,8944,7850,1,
,09:36:14,8946,8943,8944,7878,28,
,09:36:15,8946,8943,8944,7878,28,
,09:36:15,8946,8943,8945,7886,8,
,09:36:16,8946,8943,8945,7886,8,
,09:36:16,8946,8943,8944,7892,6,
,09:36:18,8946,8943,8944,7892,6,
,09:36:18,8946,8943,8945,7893,1,
,09:36:19,8946,8943,8945,7893,1,
,09:36:19,8946,8943,8943,7896,3,
,09:36:20,8946,8943,8944,7900,4,
,09:36:21,8946,8943,8945,7901,1,
,09:36:21,8946,8943,8943,7903,2,
,09:36:22,8946,8943,8943,7903,2,
,09:36:22,8946,8943,8943,7908,5,
,09:36:23,8946,8943,8945,7915,7,
,09:36:23,8946,8943,8944,7960,45,
,09:36:24,8946,8943,8944,7960,45,
,09:36:25,8946,8943,8944,7960,45,
,09:36:25,8946,8942,8942,7963,3,
,09:36:26,8946,8942,8942,7963,3,
,09:36:26,8946,8942,8944,7995,32,
,09:36:27,8946,8942,8944,7995,32,
,09:36:27,8946,8942,8943,8001,6,
,09:36:28,8946,8942,8942,8002,1,
,09:36:28,8946,8942,8944,8004,2,
,09:36:29,8946,8942,8944,8006,2,
,09:36:29,8946,8942,8945,8012,6,
,09:36:30,8946,8942,8945,8012,6,
,09:36:30,8946,8942,8945,8014,2,
,09:36:31,8946,8942,8946,8016,2,
,09:36:31,8946,8942,8946,8021,5,
,09:36:32,8948,8942,8948,8053,32,
,09:36:33,8948,8942,8948,8053,32,
,09:36:33,8948,8942,8948,8062,9,
,09:36:34,8948,8942,8948,8062,9,
,09:36:34,8948,8942,8948,8066,4,
,09:36:35,8948,8942,8948,8066,4,
,09:36:35,8948,8942,8947,8067,1,
,09:36:36,8948,8942,8948,8068,1,
,09:36:37,8948,8942,8947,8072,4,
,09:36:37,8948,8942,8945,8073,1,
,09:36:38,8948,8942,8947,8076,3,
,09:36:39,8948,8942,8947,8076,3,
,09:36:39,8948,8942,8948,8077,1,
,09:36:40,8948,8942,8948,8077,1,
,09:36:40,8948,8942,8948,8078,1,
,09:36:41,8948,8942,8948,8078,1,
,09:36:41,8948,8942,8948,8086,8,
,09:36:42,8948,8942,8948,8086,8,
,09:36:42,8948,8942,8947,8087,1,
,09:36:43,8948,8942,8947,8087,1,
,09:36:43,8948,8942,8947,8090,3,
,09:36:44,8949,8942,8949,8105,15,
,09:36:45,8949,8942,8949,8108,3,
,09:36:46,8949,8942,8949,8108,3,
,09:36:46,8953,8942,8950,8160,52,
,09:36:47,8953,8942,8950,8160,52,
,09:36:47,8953,8942,8950,8167,7,
,09:36:48,8953,8942,8950,8167,7,
,09:36:48,8953,8942,8950,8167,7,
,09:36:49,8953,8942,8950,8167,7,
,09:36:49,8953,8942,8952,8169,2,
,09:36:50,8953,8942,8952,8169,2,
,09:36:50,8953,8942,8951,8172,3,
,09:36:51,8953,8942,8951,8172,3,
,09:36:51,8955,8942,8954,8202,30,
,09:36:52,8955,8942,8954,8202,30,
,09:36:52,8956,8942,8956,8285,83,
,09:36:53,8957,8942,8957,8305,20,
,09:36:54,8957,8942,8957,8307,2,
,09:36:54,8957,8942,8954,8356,49,
,09:36:55,8957,8942,8954,8356,49,
,09:36:55,8957,8942,8954,8357,1,
,09:36:56,8957,8942,8954,8360,3,
,09:36:56,8957,8942,8953,8361,1,
,09:36:57,8957,8942,8953,8362,1,
,09:36:57,8957,8942,8954,8365,3,
,09:36:58,8957,8942,8954,8365,3,
,09:36:58,8957,8942,8953,8366,1,
,09:36:59,8957,8942,8953,8366,1,
,09:36:59,8957,8942,8955,8367,1,
,09:37:00,8955,8955,8955,8367,1,
,09:37:00,8955,8952,8952,8378,11,
,09:37:01,8955,8952,8954,8394,16,
,09:37:02,8955,8952,8954,8394,16,
,09:37:02,8956,8952,8954,8399,5,
,09:37:03,8956,8952,8954,8399,5,
,09:37:03,8956,8952,8955,8401,2,
,09:37:04,8956,8952,8955,8401,2,
,09:37:05,8956,8952,8953,8404,3,
,09:37:05,8956,8952,8954,8419,15,
,09:37:06,8956,8952,8954,8419,15,
,09:37:06,8956,8952,8955,8433,14,
,09:37:07,8956,8952,8955,8433,14,
,09:37:07,8956,8952,8955,8457,24,
,09:37:08,8956,8952,8956,8467,10,
,09:37:09,8958,8952,8958,8481,14,
,09:37:10,8958,8952,8956,8487,6,
,09:37:11,8959,8952,8958,8519,32,
,09:37:12,8959,8952,8959,8522,3,
,09:37:12,8960,8952,8959,8538,16,
,09:37:13,8960,8952,8959,8538,16,
,09:37:13,8960,8952,8957,8558,20,
,09:37:14,8960,8952,8957,8558,20,
,09:37:14,8960,8952,8957,8563,5,
,09:37:15,8960,8952,8957,8563,5,
,09:37:15,8960,8952,8953,8606,43,
,09:37:16,8960,8952,8953,8606,43,
,09:37:17,8960,8952,8953,8606,43,
,09:37:18,8960,8952,8952,8607,1,
,09:37:18,8960,8952,8953,8626,19,
,09:37:19,8960,8952,8953,8627,1,
,09:37:19,8960,8952,8953,8628,1,
,09:37:20,8960,8952,8955,8641,13,
,09:37:21,8960,8952,8956,8642,1,
,09:37:21,8960,8952,8955,8682,40,
,09:37:22,8960,8952,8955,8683,1,
,09:37:22,8960,8952,8955,8698,15,
,09:37:23,8960,8952,8955,8700,2,
,09:37:24,8960,8952,8955,8700,2,
,09:37:24,8960,8952,8953,8702,2,
,09:37:25,8960,8952,8954,8703,1,
,09:37:25,8960,8952,8954,8718,15,
,09:37:26,8960,8952,8954,8718,15,
,09:37:27,8960,8952,8954,8721,3,
,09:37:28,8960,8952,8954,8741,20,
,09:37:29,8960,8952,8954,8741,20,
,09:37:30,8960,8952,8954,8741,20,
,09:37:31,8960,8952,8954,8741,20,
,09:37:31,8960,8952,8955,8749,8,
,09:37:32,8960,8952,8955,8749,8,
,09:37:33,8960,8952,8955,8749,8,
,09:37:33,8960,8952,8955,8752,3,
,09:37:34,8960,8952,8956,8753,1,
,09:37:34,8960,8952,8956,8754,1,
,09:37:35,8960,8952,8956,8754,1,
,09:37:36,8960,8952,8956,8754,1,
,09:37:37,8960,8952,8955,8755,1,
,09:37:37,8960,8952,8954,8763,8,
,09:37:38,8960,8952,8954,8763,8,
,09:37:39,8960,8952,8954,8763,8,
,09:37:40,8960,8952,8953,8764,1,
,09:37:40,8960,8951,8952,8773,9,
,09:37:41,8960,8951,8953,8775,2,
,09:37:41,8960,8951,8953,8775,2,
,09:37:42,8960,8951,8953,8775,2,
,09:37:43,8960,8951,8953,8776,1,
,09:37:43,8960,8951,8954,8787,11,
,09:37:44,8960,8951,8954,8787,11,
,09:37:44,8960,8951,8953,8788,1,
,09:37:45,8960,8951,8953,8788,1,
,09:37:45,8960,8951,8952,8789,1,
,09:37:46,8960,8951,8954,8798,9,
,09:37:46,8960,8951,8954,8798,9,
,09:37:47,8960,8951,8954,8798,9,
,09:37:48,8960,8951,8954,8798,9,
,09:37:49,8960,8951,8952,8799,1,
,09:37:49,8960,8951,8953,8801,2,
,09:37:50,8960,8951,8953,8801,2,
,09:37:50,8960,8951,8953,8802,1,
,09:37:51,8960,8951,8953,8802,1,
,09:37:51,8960,8951,8953,8802,1,
,09:37:52,8960,8951,8953,8802,1,
,09:37:53,8960,8951,8953,8803,1,
,09:37:54,8960,8951,8953,8803,1,
,09:37:54,8960,8951,8953,8804,1,
,09:37:55,8960,8951,8954,8839,35,
,09:37:56,8960,8951,8955,8840,1,
,09:37:56,8960,8951,8955,8843,3,
,09:37:57,8960,8951,8955,8843,3,
,09:37:57,8960,8951,8955,8843,3,
,09:37:58,8960,8951,8955,8843,3,
,09:37:59,8960,8951,8955,8843,3,
,09:38:00,8955,8955,8955,8843,3,
,09:38:01,8955,8954,8955,8853,10,
,09:38:02,8955,8954,8955,8854,1,
,09:38:03,8955,8953,8954,8865,11,
,09:38:04,8955,8953,8954,8865,11,
,09:38:05,8956,8953,8956,8888,23,
,09:38:06,8956,8953,8956,8888,23,
,09:38:06,8956,8953,8955,8891,3,
,09:38:07,8956,8953,8955,8891,3,
,09:38:07,8956,8953,8956,8894,3,
,09:38:08,8956,8953,8956,8894,3,
,09:38:09,8956,8953,8956,8894,3,
,09:38:09,8956,8953,8956,8896,2,
,09:38:10,8956,8953,8956,8896,2,
,09:38:10,8956,8953,8956,8899,3,
,09:38:11,8956,8953,8956,8899,3,
,09:38:12,8956,8953,8956,8899,3,
,09:38:12,8956,8953,8956,8899,3,
,09:38:13,8958,8953,8957,8922,23,
,09:38:14,8958,8953,8957,8922,23,
,09:38:15,8958,8953,8957,8922,23,
,09:38:15,8958,8953,8954,8958,36,
,09:38:16,8958,8953,8954,8963,5,
,09:38:17,8958,8953,8955,8993,30,
,09:38:18,8958,8953,8954,8998,5,
,09:38:19,8958,8953,8953,9000,2,
,09:38:20,8958,8951,8952,9018,18,
,09:38:21,8958,8951,8952,9041,23,
,09:38:22,8958,8948,8950,9108,67,
,09:38:23,8958,8948,8950,9108,67,
,09:38:23,8958,8947,8949,9148,40,
,09:38:24,8958,8947,8949,9148,40,
,09:38:24,8958,8947,8947,9152,4,
,09:38:25,8958,8946,8946,9167,15,
,09:38:26,8958,8946,8946,9167,15,
,09:38:26,8958,8946,8948,9171,4,
,09:38:27,8958,8946,8949,9190,19,
,09:38:28,8958,8946,8948,9193,3,
,09:38:28,8958,8946,8948,9194,1,
,09:38:29,8958,8946,8949,9195,1,
,09:38:30,8958,8946,8951,9201,6,
,09:38:31,8958,8946,8951,9210,9,
,09:38:31,8958,8946,8950,9211,1,
,09:38:32,8958,8946,8950,9211,1,
,09:38:32,8958,8946,8949,9212,1,
,09:38:33,8958,8946,8949,9212,1,
,09:38:33,8958,8946,8949,9227,15,
,09:38:34,8958,8946,8949,9227,15,
,09:38:34,8958,8946,8948,9230,3,
,09:38:35,8958,8946,8948,9230,3,
,09:38:35,8958,8946,8947,9233,3,
,09:38:36,8958,8946,8947,9233,3,
,09:38:37,8958,8946,8947,9233,3,
,09:38:38,8958,8946,8946,9234,1,
,09:38:38,8958,8946,8948,9235,1,
,09:38:39,8958,8946,8946,9239,4,
,09:38:39,8958,8946,8946,9240,1,
,09:38:40,8958,8946,8947,9241,1,
,09:38:40,8958,8946,8947,9246,5,
,09:38:41,8958,8946,8947,9246,5,
,09:38:41,8958,8946,8948,9248,2,
,09:38:42,8958,8946,8948,9248,2,
,09:38:42,8958,8946,8948,9249,1,
,09:38:43,8958,8946,8948,9249,1,
,09:38:43,8958,8946,8946,9251,2,
,09:38:44,8958,8946,8946,9251,2,
,09:38:44,8958,8945,8945,9252,1,
,09:38:45,8958,8945,8947,9253,1,
,09:38:46,8958,8945,8947,9253,1,
,09:38:46,8958,8945,8947,9254,1,
,09:38:47,8958,8945,8947,9254,1,
,09:38:47,8958,8945,8945,9262,8,
,09:38:48,8958,8944,8944,9264,2,
,09:38:49,8958,8944,8944,9265,1,
,09:38:50,8958,8944,8944,9265,1,
,09:38:50,8958,8944,8945,9266,1,
,09:38:51,8958,8944,8945,9267,1,
,09:38:51,8958,8944,8946,9270,3,
,09:38:52,8958,8944,8946,9270,3,
,09:38:53,8958,8944,8946,9270,3,
,09:38:53,8958,8944,8948,9274,4,
,09:38:54,8958,8944,8948,9274,4,
,09:38:55,8958,8944,8948,9274,4,
,09:38:55,8958,8944,8947,9275,1,
,09:38:56,8958,8944,8947,9275,1,
,09:38:57,8958,8944,8947,9275,1,
,09:38:57,8958,8944,8947,9276,1,
,09:38:58,8958,8944,8947,9282,6,
,09:38:59,8958,8944,8948,9283,1,
,09:39:00,8948,8948,8948,9283,1,
,09:39:00,8948,8947,8947,9284,1,
,09:39:01,8948,8947,8947,9285,1,
,09:39:01,8949,8947,8948,9295,10,
,09:39:02,8949,8947,8948,9295,10,
,09:39:02,8949,8947,8947,9296,1,
,09:39:03,8949,8947,8947,9296,1,
,09:39:03,8949,8947,8947,9296,1,
,09:39:04,8949,8947,8947,9298,2,
,09:39:05,8949,8947,8947,9298,2,
,09:39:06,8949,8947,8947,9298,2,
,09:39:07,8949,8947,8947,9298,2,
,09:39:07,8949,8947,8948,9301,3,
,09:39:08,8949,8947,8948,9301,3,
,09:39:09,8949,8947,8948,9301,3,
,09:39:09,8949,8947,8948,9312,11,
,09:39:10,8949,8947,8948,9312,11,
,09:39:11,8949,8947,8947,9313,1,
,09:39:11,8949,8947,8947,9313,1,
,09:39:14,8949,8947,8949,9329,16,
,09:39:14,8950,8947,8950,9335,6,
,09:39:15,8950,8947,8950,9337,2,
,09:39:15,8950,8947,8949,9348,11,
,09:39:17,8950,8947,8949,9348,11,
,09:39:17,8950,8947,8949,9350,2,
,09:39:18,8950,8947,8949,9351,1,
,09:39:19,8950,8947,8949,9351,1,
,09:39:20,8950,8947,8949,9351,1,
,09:39:20,8950,8947,8950,9357,6,
,09:39:21,8950,8947,8950,9357,6,
,09:39:21,8950,8947,8949,9361,4,
,09:39:22,8950,8947,8949,9361,4,
,09:39:22,8950,8947,8948,9362,1,
,09:39:23,8950,8947,8948,9367,5,
,09:39:24,8952,8947,8952,9382,15,
,09:39:25,8952,8947,8952,9383,1,
,09:39:25,8952,8947,8952,9383,1,
,09:39:27,8952,8947,8952,9385,2,
,09:39:27,8952,8947,8952,9387,2,
,09:39:28,8952,8947,8952,9387,2,
,09:39:28,8952,8947,8951,9388,1,
,09:39:29,8952,8947,8951,9388,1,
,09:39:29,8952,8947,8950,9391,3,
,09:39:30,8952,8947,8950,9391,3,
,09:39:31,8952,8947,8951,9393,2,
,09:39:31,8952,8947,8950,9397,4,
,09:39:32,8952,8947,8950,9397,4,
,09:39:32,8952,8947,8951,9398,1,
,09:39:33,8952,8947,8952,9399,1,
,09:39:33,8952,8947,8952,9404,5,
,09:39:34,8952,8947,8952,9404,5,
,09:39:35,8953,8947,8952,9412,8,
,09:39:36,8953,8947,8952,9412,8,
,09:39:36,8953,8947,8951,9414,2,
,09:39:37,8953,8947,8950,9415,1,
,09:39:37,8953,8947,8950,9416,1,
,09:39:38,8953,8947,8950,9417,1,
,09:39:38,8953,8947,8951,9419,2,
,09:39:39,8953,8947,8951,9419,2,
,09:39:39,8953,8947,8951,9421,2,
,09:39:40,8953,8947,8951,9421,2,
,09:39:40,8953,8947,8952,9423,2,
,09:39:41,8954,8947,8954,9429,6,
,09:39:42,8954,8947,8954,9429,6,
,09:39:42,8954,8947,8953,9433,4,
,09:39:43,8954,8947,8953,9433,4,
,09:39:43,8954,8947,8952,9443,10,
,09:39:44,8954,8947,8951,9445,2,
,09:39:44,8954,8947,8951,9446,1,
,09:39:45,8954,8947,8951,9447,1,
,09:39:45,8954,8947,8951,9448,1,
,09:39:46,8954,8947,8951,9448,1,
,09:39:46,8954,8947,8950,9478,30,
,09:39:47,8954,8947,8949,9484,6,
,09:39:47,8954,8945,8947,9523,39,
,09:39:48,8954,8945,8947,9523,39,
,09:39:48,8954,8945,8949,9543,20,
,09:39:49,8954,8945,8948,9544,1,
,09:39:49,8954,8945,8949,9547,3,
,09:39:50,8954,8945,8949,9549,2,
,09:39:50,8954,8945,8951,9566,17,
,09:39:51,8954,8945,8952,9567,1,
,09:39:51,8954,8945,8950,9570,3,
,09:39:52,8954,8945,8950,9573,3,
,09:39:53,8954,8945,8950,9574,1,
,09:39:54,8954,8945,8950,9574,1,
,09:39:55,8954,8945,8950,9577,3,
,09:39:57,8954,8945,8950,9577,3,
,09:39:58,8954,8945,8950,9577,3,
,09:39:58,8954,8945,8950,9578,1,
,09:39:59,8954,8945,8950,9581,3,
,09:40:00,8951,8951,8951,9582,1,
,09:40:00,8952,8950,8952,9605,23,
,09:40:01,8953,8950,8953,9608,3,
,09:40:01,8954,8950,8952,9613,5,
,09:40:02,8954,8950,8952,9613,5,
,09:40:02,8954,8950,8952,9624,11,
,09:40:03,8954,8950,8953,9631,7,
,09:40:05,8954,8950,8953,9631,7,
,09:40:06,8954,8950,8953,9631,7,
,09:40:06,8954,8950,8953,9631,7,
,09:40:07,8954,8950,8953,9631,7,
,09:40:08,8954,8950,8951,9643,12,
,09:40:09,8954,8950,8951,9643,12,
,09:40:09,8954,8950,8952,9649,6,
,09:40:10,8954,8950,8952,9649,6,
,09:40:10,8954,8950,8953,9653,4,
,09:40:11,8954,8950,8954,9657,4,
,09:40:12,8954,8950,8953,9702,45,
,09:40:13,8954,8950,8953,9702,45,
,09:40:14,8954,8950,8953,9703,1,
,09:40:15,8954,8950,8952,9705,2,
,09:40:15,8954,8950,8952,9706,1,
,09:40:16,8954,8950,8952,9706,1,
,09:40:16,8954,8950,8953,9707,1,
,09:40:17,8954,8950,8953,9707,1,
,09:40:17,8954,8950,8953,9709,2,
,09:40:18,8954,8950,8952,9710,1,
,09:40:18,8954,8950,8952,9710,1,
,09:40:19,8954,8950,8952,9710,1,
,09:40:20,8955,8950,8953,9726,16,
,09:40:21,8955,8950,8954,9743,17,
,09:40:22,8955,8950,8954,9745,2,
,09:40:23,8955,8950,8954,9745,2,
,09:40:23,8955,8950,8953,9747,2,
,09:40:24,8955,8950,8954,9749,2,
,09:40:25,8955,8950,8954,9749,2,
,09:40:25,8955,8950,8954,9750,1,
,09:40:26,8955,8950,8954,9750,1,
,09:40:26,8957,8950,8957,9779,29,
,09:40:27,8961,8950,8961,9830,51,
,09:40:28,8961,8950,8961,9830,51,
,09:40:28,8967,8950,8966,9919,89,
,09:40:29,8967,8950,8965,9920,1,
,09:40:29,8967,8950,8965,9930,10,
,09:40:30,8967,8950,8965,9941,11,
,09:40:31,8967,8950,8965,9941,11,
,09:40:31,8967,8950,8965,9949,8,
,09:40:32,8967,8950,8964,9952,3,
,09:40:32,8967,8950,8962,9967,15,
,09:40:33,8967,8950,8962,9967,15,
,09:40:33,8967,8950,8961,9976,9,
,09:40:34,8967,8950,8956,10003,27,
,09:40:35,8967,8950,8956,10003,27,
,09:40:35,8967,8950,8956,10004,1,
,09:40:36,8967,8950,8957,10005,1,
,09:40:36,8967,8950,8957,10005,1,
,09:40:37,8967,8950,8956,10007,2,
,09:40:37,8967,8950,8958,10008,1,
,09:40:38,8967,8950,8958,10008,1,
,09:40:39,8967,8950,8958,10008,1,
,09:40:40,8967,8950,8957,10010,2,
,09:40:41,8967,8950,8959,10014,4,
,09:40:42,8967,8950,8959,10014,4,
,09:40:42,8967,8950,8961,10021,7,
,09:40:43,8967,8950,8961,10022,1,
,09:40:44,8967,8950,8961,10022,1,
,09:40:45,8967,8950,8961,10031,9,
,09:40:46,8967,8950,8961,10032,1,
,09:40:46,8967,8950,8961,10039,7,
,09:40:47,8967,8950,8961,10040,1,
,09:40:47,8967,8950,8962,10047,7,
,09:40:48,8967,8950,8962,10051,4,
,09:40:49,8967,8950,8962,10051,4,
,09:40:50,8967,8950,8962,10051,4,
,09:40:50,8967,8950,8961,10054,3,
,09:40:51,8967,8950,8961,10054,3,
,09:40:51,8967,8950,8961,10064,10,
,09:40:52,8967,8950,8961,10065,1,
,09:40:52,8967,8950,8961,10068,3,
,09:40:53,8967,8950,8963,10070,2,
,09:40:53,8967,8950,8965,10098,28,
,09:40:54,8968,8950,8968,10161,63,
,09:40:55,8968,8950,8968,10169,8,
,09:40:56,8968,8950,8968,10169,8,
,09:40:56,8969,8950,8968,10184,15,
,09:40:57,8970,8950,8969,10190,6,
,09:40:58,8970,8950,8967,10209,19,
,09:40:59,8970,8950,8966,10213,4,
,09:40:59,8970,8950,8968,10283,70,
,09:41:00,8968,8968,8968,10284,1,
,09:41:00,8970,8968,8970,10309,25,
,09:41:01,8971,8968,8969,10329,20,
,09:41:02,8971,8968,8969,10329,20,
,09:41:02,8971,8966,8968,10346,17,
,09:41:03,8971,8966,8968,10347,1,
,09:41:03,8971,8966,8968,10354,7,
,09:41:04,8971,8966,8968,10354,7,
,09:41:04,8971,8966,8969,10355,1,
,09:41:05,8971,8966,8970,10356,1,
,09:41:05,8971,8966,8968,10369,13,
,09:41:06,8971,8966,8968,10369,13,
,09:41:06,8971,8966,8970,10374,5,
,09:41:07,8971,8966,8971,10388,14,
,09:41:08,8972,8966,8972,10396,8,
,09:41:09,8972,8966,8970,10397,1,
,09:41:09,8972,8966,8970,10398,1,
,09:41:10,8972,8966,8970,10404,6,
,09:41:10,8972,8966,8970,10405,1,
,09:41:11,8972,8966,8971,10426,21,
,09:41:12,8972,8966,8970,10427,1,
,09:41:13,8972,8966,8969,10432,5,
,09:41:14,8972,8966,8969,10432,5,
,09:41:14,8972,8966,8969,10433,1,
,09:41:15,8972,8966,8969,10433,1,
,09:41:15,8972,8966,8969,10434,1,
,09:41:16,8972,8966,8969,10434,1,
,09:41:17,8972,8966,8969,10447,13,
,09:41:18,8972,8966,8968,10449,2,
,09:41:18,8972,8966,8969,10454,5,
,09:41:19,8972,8966,8967,10460,6,
,09:41:20,8972,8966,8966,10462,2,
,09:41:20,8972,8966,8968,10468,6,
,09:41:21,8972,8966,8968,10468,6,
,09:41:21,8972,8966,8967,10473,5,
,09:41:22,8972,8966,8967,10473,5,
,09:41:22,8972,8966,8966,10474,1,
,09:41:23,8972,8966,8967,10475,1,
,09:41:24,8972,8966,8966,10476,1,
,09:41:25,8972,8965,8966,10500,24,
,09:41:26,8972,8965,8966,10500,24,
,09:41:26,8972,8965,8966,10503,3,
,09:41:27,8972,8965,8965,10507,4,
,09:41:28,8972,8965,8967,10512,5,
,09:41:29,8972,8965,8966,10519,7,
,09:41:30,8972,8965,8966,10522,3,
,09:41:31,8972,8965,8966,10522,3,
,09:41:31,8972,8965,8967,10526,4,
,09:41:32,8972,8965,8967,10526,4,
,09:41:32,8972,8965,8966,10528,2,
,09:41:33,8972,8965,8966,10529,1,
,09:41:34,8972,8965,8966,10529,1,
,09:41:35,8972,8965,8966,10531,2,
,09:41:36,8972,8965,8967,10537,6,
,09:41:37,8972,8965,8966,10538,1,
,09:41:37,8972,8965,8966,10539,1,
,09:41:38,8972,8965,8966,10539,1,
,09:41:39,8972,8965,8966,10540,1,
,09:41:39,8972,8965,8967,10556,16,
,09:41:40,8972,8965,8967,10556,16,
,09:41:40,8972,8965,8967,10565,9,
,09:41:41,8972,8965,8966,10569,4,
,09:41:42,8972,8965,8966,10569,4,
,09:41:43,8972,8965,8968,10571,2,
,09:41:43,8972,8965,8968,10571,2,
,09:41:44,8972,8965,8968,10571,2,
,09:41:45,8972,8965,8968,10571,2,
,09:41:46,8972,8965,8967,10575,4,
,09:41:47,8972,8965,8968,10585,10,
,09:41:48,8972,8965,8968,10585,10,
,09:41:48,8972,8965,8969,10587,2,
,09:41:49,8972,8965,8969,10587,2,
,09:41:49,8972,8965,8969,10589,2,
,09:41:50,8972,8965,8967,10600,11,
,09:41:51,8972,8965,8967,10601,1,
,09:41:51,8972,8965,8967,10601,1,
,09:41:52,8972,8965,8967,10601,1,
,09:41:53,8972,8965,8968,10603,2,
,09:41:53,8972,8965,8969,10604,1,
,09:41:54,8972,8965,8969,10604,1,
,09:41:55,8972,8965,8968,10605,1,
,09:41:55,8972,8965,8969,10610,5,
,09:41:56,8972,8965,8969,10611,1,
,09:41:57,8972,8965,8969,10611,1,
,09:41:57,8972,8965,8971,10615,4,
,09:41:58,8972,8965,8970,10617,2,
,09:41:58,8972,8965,8972,10620,3,
,09:41:59,8972,8965,8970,10663,43,
,09:42:00,8970,8970,8970,10664,1,
,09:42:00,8971,8966,8968,10707,43,
,09:42:01,8971,8966,8968,10715,8,
,09:42:02,8971,8966,8967,10716,1,
,09:42:02,8971,8966,8968,10729,13,
,09:42:03,8971,8966,8968,10729,13,
,09:42:04,8971,8966,8968,10731,2,
,09:42:04,8971,8966,8968,10734,3,
,09:42:05,8971,8966,8968,10735,1,
,09:42:05,8971,8966,8968,10738,3,
,09:42:06,8971,8966,8968,10738,3,
,09:42:06,8971,8966,8970,10741,3,
,09:42:07,8971,8966,8970,10741,3,
,09:42:08,8971,8966,8969,10742,1,
,09:42:08,8971,8966,8970,10745,3,
,09:42:09,8971,8966,8970,10745,3,
,09:42:09,8973,8966,8973,10755,10,
,09:42:10,8973,8966,8972,10757,2,
,09:42:11,8973,8966,8972,10757,2,
,09:42:12,8973,8966,8972,10757,2,
,09:42:12,8973,8966,8971,10762,5,
,09:42:13,8973,8966,8971,10762,5,
,09:42:13,8973,8966,8973,10766,4,
,09:42:14,8973,8966,8973,10766,4,
,09:42:14,8974,8966,8974,10770,4,
,09:42:15,8974,8966,8974,10770,4,
,09:42:15,8974,8966,8973,10771,1,
,09:42:16,8974,8966,8973,10771,1,
,09:42:16,8974,8966,8974,10778,7,
,09:42:17,8974,8966,8974,10779,1,
,09:42:17,8974,8966,8972,10781,2,
,09:42:18,8974,8966,8973,10782,1,
,09:42:18,8974,8966,8973,10783,1,
,09:42:19,8974,8966,8973,10783,1,
,09:42:19,8974,8966,8973,10792,9,
,09:42:20,8974,8966,8973,10792,9,
,09:42:20,8975,8966,8975,10802,10,
,09:42:21,8975,8966,8975,10802,10,
,09:42:21,8975,8966,8975,10810,8,
,09:42:22,8975,8966,8975,10810,8,
,09:42:23,8975,8966,8975,10810,8,
,09:42:23,8975,8966,8975,10810,8,
,09:42:24,8975,8966,8975,10810,8,
,09:42:24,8975,8966,8974,10811,1,
,09:42:25,8975,8966,8974,10811,1,
,09:42:25,8975,8966,8974,10818,7,
,09:42:26,8975,8966,8974,10818,7,
,09:42:26,8975,8966,8973,10822,4,
,09:42:27,8975,8966,8973,10822,4,
,09:42:27,8975,8966,8974,10823,1,
,09:42:28,8975,8966,8973,10824,1,
,09:42:28,8975,8966,8973,10833,9,
,09:42:29,8975,8966,8972,10835,2,
,09:42:30,8975,8966,8972,10835,2,
,09:42:30,8975,8966,8971,10839,4,
,09:42:31,8975,8966,8971,10839,4,
,09:42:32,8975,8966,8973,10840,1,
,09:42:32,8975,8966,8973,10846,6,
,09:42:33,8975,8966,8973,10846,6,
,09:42:33,8975,8966,8974,10852,6,
,09:42:34,8975,8966,8973,10853,1,
,09:42:34,8975,8966,8974,10854,1,
,09:42:35,8975,8966,8974,10854,1,
,09:42:35,8976,8966,8975,10866,12,
,09:42:36,8976,8966,8975,10866,12,
,09:42:36,8976,8966,8975,10870,4,
,09:42:37,8976,8966,8975,10870,4,
,09:42:37,8976,8966,8973,10885,15,
,09:42:38,8976,8966,8973,10885,15,
,09:42:38,8976,8966,8974,10887,2,
,09:42:39,8976,8966,8974,10887,2,
,09:42:40,8976,8966,8974,10887,2,
,09:42:40,8976,8966,8976,10896,9,
,09:42:41,8976,8966,8975,10931,35,
,09:42:42,8976,8966,8975,10931,35,
,09:42:43,8976,8966,8976,10938,7,
,09:42:43,8976,8966,8976,10941,3,
,09:42:44,8976,8966,8976,10941,3,
,09:42:44,8976,8966,8976,10951,10,
,09:42:45,8976,8966,8976,10952,1,
,09:42:46,8977,8966,8977,10953,1,
,09:42:46,8977,8966,8976,10954,1,
,09:42:47,8977,8966,8976,10954,1,
,09:42:47,8977,8966,8977,10963,9,
,09:42:48,8977,8966,8977,10963,9,
,09:42:48,8977,8966,8977,10963,9,
,09:42:49,8977,8966,8977,10963,9,
,09:42:50,8977,8966,8977,10963,9,
,09:42:50,8977,8966,8976,10969,6,
,09:42:51,8977,8966,8974,10983,14,
,09:42:52,8977,8966,8974,10983,14,
,09:42:52,8977,8966,8975,10984,1,
,09:42:53,8977,8966,8976,10985,1,
,09:42:54,8977,8966,8976,10986,1,
,09:42:55,8978,8966,8977,11004,18,
,09:42:56,8978,8966,8977,11006,2,
,09:42:56,8978,8966,8976,11030,24,
,09:42:57,8978,8966,8975,11044,14,
,09:42:58,8978,8966,8975,11055,11,
,09:42:59,8978,8966,8975,11055,11,
,09:42:59,8978,8966,8973,11078,23,
,09:43:00,8974,8974,8974,11084,6,
,09:43:00,8974,8973,8973,11089,5,
,09:43:01,8974,8973,8973,11089,5,
,09:43:01,8975,8973,8975,11143,54,
,09:43:02,8975,8973,8975,11146,3,
,09:43:02,8975,8973,8973,11190,44,
,09:43:03,8975,8972,8972,11195,5,
,09:43:04,8975,8972,8972,11195,5,
,09:43:04,8975,8972,8972,11200,5,
,09:43:05,8975,8972,8972,11200,5,
,09:43:06,8975,8972,8973,11201,1,
,09:43:06,8975,8972,8973,11202,1,
,09:43:07,8975,8972,8973,11202,1,
,09:43:07,8975,8972,8972,11214,12,
,09:43:08,8975,8972,8972,11214,12,
,09:43:08,8975,8972,8972,11216,2,
,09:43:09,8975,8972,8973,11217,1,
,09:43:10,8975,8972,8972,11219,2,
,09:43:10,8975,8972,8972,11221,2,
,09:43:11,8975,8972,8972,11221,2,
,09:43:12,8975,8972,8972,11232,11,
,09:43:13,8975,8972,8972,11232,11,
,09:43:13,8975,8970,8970,11259,27,
,09:43:14,8975,8970,8970,11260,1,
,09:43:14,8975,8969,8969,11267,7,
,09:43:15,8975,8969,8969,11267,7,
,09:43:15,8975,8969,8970,11292,25,
,09:43:16,8975,8967,8967,11318,26,
,09:43:17,8975,8967,8967,11330,12,
,09:43:18,8975,8967,8967,11330,12,
,09:43:18,8975,8967,8967,11330,12,
,09:43:19,8975,8967,8967,11330,12,
,09:43:19,8975,8967,8968,11333,3,
,09:43:20,8975,8966,8966,11334,1,
,09:43:20,8975,8966,8967,11343,9,
,09:43:21,8975,8966,8967,11343,9,
,09:43:21,8975,8966,8967,11349,6,
,09:43:22,8975,8966,8967,11349,6,
,09:43:22,8975,8965,8966,11372,23,
,09:43:23,8975,8965,8967,11373,1,
,09:43:23,8975,8965,8968,11379,6,
,09:43:24,8975,8965,8967,11384,5,
,09:43:25,8975,8965,8966,11385,1,
,09:43:26,8975,8965,8966,11385,1,
,09:43:26,8975,8965,8968,11393,8,
,09:43:27,8975,8965,8968,11403,10,
,09:43:28,8975,8965,8968,11403,10,
,09:43:28,8975,8965,8967,11406,3,
,09:43:29,8975,8965,8967,11406,3,
,09:43:29,8975,8965,8966,11411,5,
,09:43:30,8975,8965,8966,11411,5,
,09:43:30,8975,8965,8966,11413,2,
,09:43:31,8975,8965,8966,11413,2,
,09:43:31,8975,8965,8965,11417,4,
,09:43:32,8975,8965,8965,11417,4,
,09:43:32,8975,8965,8965,11421,4,
,09:43:33,8975,8964,8964,11422,1,
,09:43:33,8975,8964,8964,11425,3,
,09:43:34,8975,8964,8965,11427,2,
,09:43:34,8975,8964,8964,11430,3,
,09:43:35,8975,8964,8964,11430,3,
,09:43:35,8975,8964,8964,11435,5,
,09:43:36,8975,8964,8965,11439,4,
,09:43:37,8975,8964,8965,11439,4,
,09:43:37,8975,8964,8965,11442,3,
,09:43:38,8975,8964,8965,11442,3,
,09:43:38,8975,8964,8964,11444,2,
,09:43:40,8975,8964,8964,11446,2,
,09:43:40,8975,8963,8963,11451,5,
,09:43:41,8975,8963,8963,11451,5,
,09:43:41,8975,8962,8964,11456,5,
,09:43:42,8975,8962,8963,11457,1,
,09:43:42,8975,8962,8964,11458,1,
,09:43:43,8975,8962,8964,11459,1,
,09:43:43,8975,8961,8962,11495,36,
,09:43:44,8975,8961,8963,11498,3,
,09:43:45,8975,8961,8962,11502,4,
,09:43:46,8975,8961,8962,11502,4,
,09:43:46,8975,8961,8962,11505,3,
,09:43:47,8975,8961,8961,11506,1,
,09:43:48,8975,8960,8961,11512,6,
,09:43:49,8975,8960,8962,11513,1,
,09:43:50,8975,8960,8962,11513,1,
,09:43:51,8975,8960,8963,11517,4,
,09:43:51,8975,8960,8963,11518,1,
,09:43:52,8975,8960,8965,11528,10,
,09:43:53,8975,8960,8965,11534,6,
,09:43:53,8975,8960,8964,11537,3,
,09:43:54,8975,8960,8965,11538,1,
,09:43:54,8975,8960,8964,11539,1,
,09:43:55,8975,8960,8963,11544,5,
,09:43:56,8975,8960,8963,11544,5,
,09:43:56,8975,8960,8964,11548,4,
,09:43:57,8975,8960,8965,11553,5,
,09:43:57,8975,8960,8963,11562,9,
,09:43:58,8975,8960,8964,11563,1,
,09:43:58,8975,8960,8964,11567,4,
,09:43:59,8975,8960,8963,11568,1,
,09:44:00,8963,8963,8963,11569,1,
,09:44:00,8963,8963,8963,11569,1,
,09:44:01,8963,8963,8963,11569,1,
,09:44:01,8964,8963,8964,11571,2,
,09:44:02,8964,8963,8963,11579,8,
,09:44:03,8964,8962,8962,11589,10,
,09:44:04,8964,8962,8962,11589,10,
,09:44:05,8964,8962,8962,11589,10,
,09:44:06,8964,8962,8963,11591,2,
,09:44:07,8964,8962,8963,11591,2,
,09:44:07,8964,8962,8962,11593,2,
,09:44:08,8964,8962,8962,11593,2,
,09:44:08,8964,8962,8962,11596,3,
,09:44:09,8964,8962,8962,11597,1,
,09:44:09,8964,8961,8961,11600,3,
,09:44:10,8964,8961,8961,11600,3,
,09:44:10,8964,8961,8962,11601,1,
,09:44:11,8964,8961,8962,11602,1,
,09:44:11,8964,8961,8962,11602,1,
,09:44:12,8964,8961,8962,11603,1,
,09:44:13,8964,8961,8962,11604,1,
,09:44:13,8964,8961,8962,11611,7,
,09:44:14,8964,8961,8962,11611,7,
,09:44:14,8964,8960,8961,11614,3,
,09:44:15,8964,8959,8959,11639,25,
,09:44:16,8964,8959,8959,11639,25,
,09:44:16,8964,8959,8959,11648,9,
,09:44:17,8964,8959,8960,11649,1,
,09:44:18,8964,8959,8960,11649,1,
,09:44:18,8964,8959,8961,11652,3,
,09:44:19,8964,8959,8961,11652,3,
,09:44:19,8964,8959,8960,11653,1,
,09:44:20,8964,8959,8960,11653,1,
,09:44:20,8964,8959,8961,11657,4,
,09:44:21,8964,8959,8961,11657,4,
,09:44:21,8964,8959,8961,11658,1,
,09:44:22,8964,8959,8961,11658,1,
,09:44:22,8964,8959,8962,11666,8,
,09:44:23,8964,8959,8964,11680,14,
,09:44:24,8964,8959,8964,11680,14,
,09:44:25,8964,8959,8964,11680,14,
,09:44:25,8964,8959,8964,11681,1,
,09:44:26,8964,8959,8964,11682,1,
,09:44:26,8966,8959,8966,11690,8,
,09:44:27,8966,8959,8966,11690,8,
,09:44:27,8967,8959,8966,11694,4,
,09:44:28,8967,8959,8966,11695,1,
,09:44:28,8967,8959,8966,11696,1,
,09:44:29,8967,8959,8964,11709,13,
,09:44:30,8967,8959,8964,11709,13,
,09:44:30,8967,8959,8964,11712,3,
,09:44:31,8967,8959,8962,11715,3,
,09:44:32,8967,8959,8962,11715,3,
,09:44:33,8967,8959,8962,11715,3,
,09:44:33,8967,8959,8962,11716,1,
,09:44:34,8967,8959,8962,11719,3,
,09:44:35,8967,8959,8963,11721,2,
,09:44:35,8967,8959,8963,11724,3,
,09:44:36,8967,8959,8963,11724,3,
,09:44:37,8967,8959,8963,11724,3,
,09:44:37,8967,8959,8963,11725,1,
,09:44:38,8967,8959,8963,11726,1,
,09:44:39,8967,8959,8963,11726,1,
,09:44:39,8967,8959,8962,11728,2,
,09:44:40,8967,8959,8962,11728,2,
,09:44:40,8967,8959,8962,11730,2,
,09:44:41,8967,8959,8962,11730,2,
,09:44:41,8967,8959,8963,11733,3,
,09:44:42,8967,8959,8963,11733,3,
,09:44:43,8967,8959,8963,11733,3,
,09:44:43,8967,8959,8963,11735,2,
,09:44:44,8967,8959,8963,11735,2,
,09:44:44,8967,8959,8962,11736,1,
,09:44:45,8967,8959,8962,11738,2,
,09:44:46,8967,8959,8962,11738,2,
,09:44:46,8967,8959,8963,11739,1,
,09:44:47,8967,8959,8962,11742,3,
,09:44:48,8967,8959,8961,11751,9,
,09:44:49,8967,8959,8961,11751,9,
,09:44:49,8967,8959,8960,11752,1,
,09:44:50,8967,8959,8960,11752,1,
,09:44:50,8967,8959,8961,11754,2,
,09:44:51,8967,8959,8961,11754,2,
,09:44:52,8967,8959,8961,11754,2,
,09:44:52,8967,8959,8960,11757,3,
,09:44:53,8967,8959,8960,11757,3,
,09:44:53,8967,8959,8960,11759,2,
,09:44:54,8967,8959,8960,11759,2,
,09:44:54,8967,8959,8962,11763,4,
,09:44:55,8967,8959,8962,11763,4,
,09:44:55,8967,8959,8962,11765,2,
,09:44:56,8967,8959,8962,11765,2,
,09:44:58,8967,8959,8962,11773,8,
,09:44:59,8967,8959,8962,11776,3,
,09:45:00,8962,8962,8962,11776,3,
,09:45:00,8965,8962,8965,11785,9,
,09:45:01,8965,8962,8965,11786,1,
,09:45:01,8966,8962,8965,11803,17,
,09:45:02,8966,8962,8965,11803,17,
,09:45:02,8966,8962,8965,11811,8,
,09:45:03,8966,8962,8964,11864,53,
,09:45:04,8966,8962,8964,11864,53,
,09:45:04,8966,8962,8963,11867,3,
,09:45:05,8966,8962,8963,11867,3,
,09:45:05,8966,8962,8963,11882,15,
,09:45:06,8966,8962,8963,11882,15,
,09:45:06,8967,8962,8967,11899,17,
,09:45:07,8967,8962,8967,11899,17,
,09:45:07,8967,8962,8965,11903,4,
,09:45:08,8967,8962,8964,11904,1,
,09:45:08,8967,8962,8964,11905,1,
,09:45:09,8967,8962,8967,11917,12,
,09:45:10,8967,8962,8967,11918,1,
,09:45:10,8969,8962,8969,11925,7,
,09:45:11,8969,8962,8969,11925,7,
,09:45:12,8970,8962,8967,11940,15,
,09:45:13,8970,8962,8967,11941,1,
,09:45:13,8970,8962,8967,11943,2,
,09:45:14,8970,8962,8967,11943,2,
,09:45:15,8970,8962,8967,11943,2,
,09:45:15,8970,8962,8967,11944,1,
,09:45:16,8970,8962,8967,11945,1,
,09:45:17,8970,8962,8967,11946,1,
,09:45:17,8970,8962,8967,11947,1,
,09:45:18,8970,8962,8966,11955,8,
,09:45:19,8970,8962,8967,11956,1,
,09:45:19,8970,8962,8967,11961,5,
,09:45:20,8970,8962,8967,11961,5,
,09:45:20,8970,8962,8966,11974,13,
,09:45:21,8970,8962,8967,11978,4,
,09:45:22,8970,8962,8967,11978,4,
,09:45:23,8970,8962,8967,11978,4,
,09:45:23,8970,8962,8964,11985,7,
,09:45:24,8970,8962,8963,11996,11,
,09:45:25,8970,8962,8963,11996,11,
,09:45:25,8970,8962,8963,11997,1,
,09:45:26,8970,8962,8963,11998,1,
,09:45:26,8970,8962,8964,12010,12,
,09:45:27,8970,8962,8963,12011,1,
,09:45:27,8970,8961,8963,12024,13,
,09:45:28,8970,8961,8963,12025,1,
,09:45:28,8970,8961,8963,12027,2,
,09:45:29,8970,8961,8962,12037,10,
,09:45:30,8970,8961,8962,12041,4,
,09:45:30,8970,8961,8964,12043,2,
,09:45:31,8970,8961,8964,12043,2,
,09:45:31,8970,8961,8963,12050,7,
,09:45:32,8970,8961,8964,12051,1,
,09:45:32,8970,8961,8962,12055,4,
,09:45:33,8970,8961,8962,12061,6,
,09:45:34,8970,8961,8962,12061,6,
,09:45:34,8970,8961,8961,12065,4,
,09:45:35,8970,8961,8961,12065,4,
,09:45:35,8970,8961,8961,12066,1,
,09:45:36,8970,8961,8961,12066,1,
,09:45:36,8970,8961,8961,12068,2,
,09:45:38,8970,8961,8961,12068,2,
,09:45:39,8970,8961,8962,12071,3,
,09:45:39,8970,8961,8962,12073,2,
,09:45:40,8970,8961,8962,12074,1,
,09:45:41,8970,8961,8962,12074,1,
,09:45:41,8970,8961,8963,12076,2,
,09:45:42,8970,8961,8963,12077,1,
,09:45:43,8970,8961,8963,12077,1,
,09:45:44,8970,8960,8960,12087,10,
,09:45:45,8970,8960,8960,12087,10,
,09:45:45,8970,8959,8959,12089,2,
,09:45:46,8970,8959,8959,12097,8,
,09:45:47,8970,8959,8961,12100,3,
,09:45:48,8970,8959,8961,12108,8,
,09:45:49,8970,8959,8961,12108,8,
,09:45:49,8970,8959,8961,12110,2,
,09:45:50,8970,8959,8961,12110,2,
,09:45:50,8970,8959,8960,12111,1,
,09:45:51,8970,8959,8960,12111,1,
,09:45:52,8970,8959,8959,12112,1,
,09:45:53,8970,8959,8959,12114,2,
,09:45:54,8970,8959,8959,12114,2,
,09:45:54,8970,8959,8959,12115,1,
,09:45:55,8970,8959,8959,12115,1,
,09:45:56,8970,8959,8959,12115,1,
,09:45:57,8970,8959,8960,12116,1,
,09:45:58,8970,8959,8960,12119,3,
,09:45:59,8970,8959,8959,12120,1,
,09:45:59,8970,8958,8958,12136,16,
,09:46:00,8958,8958,8958,12154,18,
,09:46:00,8958,8958,8958,12155,1,
,09:46:01,8959,8958,8959,12158,3,
,09:46:02,8960,8958,8960,12160,2,
,09:46:02,8962,8958,8962,12176,16,
,09:46:03,8964,8958,8964,12191,15,
,09:46:04,8964,8958,8963,12192,1,
,09:46:04,8964,8958,8963,12200,8,
,09:46:05,8964,8958,8963,12200,8,
,09:46:06,8964,8958,8963,12206,6,
,09:46:06,8964,8958,8963,12207,1,
,09:46:07,8964,8958,8963,12208,1,
,09:46:07,8964,8958,8964,12210,2,
,09:46:08,8964,8958,8963,12226,16,
,09:46:09,8964,8958,8963,12226,16,
,09:46:10,8964,8958,8963,12226,16,
,09:46:11,8964,8958,8963,12226,16,
,09:46:11,8964,8958,8963,12227,1,
,09:46:12,8964,8958,8963,12227,1,
,09:46:12,8964,8958,8962,12232,5,
,09:46:13,8964,8958,8962,12232,5,
,09:46:14,8964,8958,8962,12232,5,
,09:46:14,8964,8958,8962,12232,5,
,09:46:15,8964,8958,8962,12232,5,
,09:46:15,8964,8958,8961,12233,1,
,09:46:16,8964,8958,8960,12234,1,
,09:46:17,8964,8958,8960,12234,1,
,09:46:18,8964,8958,8960,12234,1,
,09:46:18,8964,8958,8962,12236,2,
,09:46:19,8964,8958,8962,12237,1,
,09:46:20,8964,8958,8963,12241,4,
,09:46:21,8964,8958,8963,12241,4,
,09:46:21,8964,8958,8963,12241,4,
,09:46:22,8964,8958,8963,12241,4,
,09:46:23,8964,8958,8963,12241,4,
,09:46:24,8964,8958,8963,12241,4,
,09:46:25,8964,8958,8963,12241,4,
,09:46:25,8964,8958,8963,12242,1,
,09:46:26,8964,8958,8963,12245,3,
,09:46:27,8964,8958,8963,12245,3,
,09:46:28,8964,8958,8963,12245,3,
,09:46:28,8965,8958,8965,12250,5,
,09:46:29,8965,8958,8965,12252,2,
,09:46:29,8965,8958,8965,12253,1,
,09:46:30,8965,8958,8965,12254,1,
,09:46:30,8965,8958,8965,12255,1,
,09:46:31,8965,8958,8965,12256,1,
,09:46:32,8967,8958,8967,12273,17,
,09:46:33,8967,8958,8967,12273,17,
,09:46:33,8967,8958,8967,12275,2,
,09:46:34,8967,8958,8966,12279,4,
,09:46:34,8967,8958,8966,12280,1,
,09:46:35,8967,8958,8966,12280,1,
,09:46:36,8967,8958,8966,12281,1,
,09:46:36,8967,8958,8963,12285,4,
,09:46:37,8967,8958,8963,12285,4,
,09:46:37,8967,8958,8965,12290,5,
,09:46:38,8967,8958,8965,12290,5,
,09:46:38,8967,8958,8966,12293,3,
,09:46:39,8967,8958,8967,12295,2,
,09:46:40,8967,8958,8967,12295,2,
,09:46:40,8968,8958,8968,12301,6,
,09:46:41,8968,8958,8968,12301,6,
,09:46:41,8969,8958,8969,12303,2,
,09:46:42,8969,8958,8969,12304,1,
,09:46:43,8970,8958,8970,12320,16,
,09:46:44,8971,8958,8971,12330,10,
,09:46:45,8972,8958,8972,12335,5,
,09:46:45,8972,8958,8972,12341,6,
,09:46:46,8972,8958,8971,12342,1,
,09:46:46,8972,8958,8971,12345,3,
,09:46:47,8972,8958,8971,12345,3,
,09:46:47,8972,8958,8970,12350,5,
,09:46:48,8972,8958,8970,12350,5,
,09:46:48,8972,8958,8970,12351,1,
,09:46:49,8972,8958,8970,12351,1,
,09:46:49,8972,8958,8969,12354,3,
,09:46:50,8972,8958,8969,12354,3,
,09:46:50,8972,8958,8968,12358,4,
,09:46:51,8972,8958,8968,12358,4,
,09:46:51,8972,8958,8968,12366,8,
,09:46:52,8972,8958,8968,12366,8,
,09:46:52,8972,8958,8967,12370,4,
,09:46:53,8972,8958,8967,12370,4,
,09:46:53,8972,8958,8969,12373,3,
,09:46:54,8972,8958,8969,12373,3,
,09:46:55,8972,8958,8969,12378,5,
,09:46:56,8972,8958,8969,12379,1,
,09:46:57,8972,8958,8966,12391,12,
,09:46:58,8972,8958,8966,12391,12,
,09:46:59,8972,8958,8966,12391,12,
,09:47:00,8967,8967,8967,12392,1,
,09:47:01,8967,8967,8967,12392,1,
,09:47:01,8968,8967,8967,12394,2,
,09:47:02,8968,8965,8965,12403,9,
,09:47:03,8968,8965,8965,12403,9,
,09:47:04,8968,8965,8967,12405,2,
,09:47:04,8968,8964,8964,12412,7,
,09:47:05,8968,8964,8964,12415,3,
,09:47:05,8968,8964,8964,12417,2,
,09:47:06,8968,8964,8965,12421,4,
,09:47:08,8968,8964,8966,12422,1,
,09:47:09,8968,8964,8967,12423,1,
,09:47:10,8968,8964,8967,12423,1,
,09:47:10,8968,8964,8965,12428,5,
,09:47:11,8968,8964,8965,12428,5,
,09:47:13,8968,8964,8965,12428,5,
,09:47:14,8968,8964,8965,12428,5,
,09:47:15,8968,8964,8965,12428,5,
,09:47:16,8968,8964,8965,12441,13,
,09:47:17,8968,8964,8965,12441,13,
,09:47:17,8968,8964,8964,12442,1,
,09:47:18,8968,8963,8963,12446,4,
,09:47:19,8968,8962,8962,12449,3,
,09:47:20,8968,8962,8962,12449,3,
,09:47:20,8968,8962,8965,12462,13,
,09:47:21,8968,8962,8965,12462,13,
,09:47:22,8968,8962,8965,12474,12,
,09:47:23,8968,8962,8964,12487,13,
,09:47:24,8968,8962,8964,12499,12,
,09:47:25,8968,8962,8963,12563,64,
,09:47:26,8968,8962,8963,12563,64,
,09:47:26,8968,8962,8964,12567,4,
,09:47:27,8968,8962,8964,12567,4,
,09:47:28,8968,8962,8964,12567,4,
,09:47:28,8968,8962,8965,12568,1,
,09:47:29,8968,8962,8965,12568,1,
,09:47:30,8968,8962,8968,12599,31,
,09:47:31,8968,8962,8968,12599,31,
,09:47:31,8969,8962,8969,12602,3,
,09:47:32,8969,8962,8969,12602,3,
,09:47:33,8969,8962,8968,12603,1,
,09:47:34,8969,8962,8968,12603,1,
,09:47:35,8969,8962,8967,12613,10,
,09:47:36,8969,8962,8967,12614,1,
,09:47:37,8969,8962,8967,12617,3,
,09:47:38,8969,8962,8968,12623,6,
,09:47:38,8969,8962,8968,12624,1,
,09:47:39,8969,8962,8969,12627,3,
,09:47:40,8969,8962,8969,12627,3,
,09:47:40,8969,8962,8967,12659,32,
,09:47:41,8969,8962,8966,12663,4,
,09:47:42,8969,8962,8966,12665,2,
,09:47:42,8969,8962,8966,12666,1,
,09:47:43,8969,8962,8966,12667,1,
,09:47:44,8969,8962,8966,12667,1,
,09:47:46,8969,8962,8966,12667,1,
,09:47:46,8969,8962,8968,12672,5,
,09:47:47,8969,8962,8968,12692,20,
,09:47:48,8969,8962,8968,12692,20,
,09:47:49,8969,8962,8968,12692,20,
,09:47:49,8969,8962,8967,12693,1,
,09:47:53,8969,8962,8967,12693,1,
,09:47:53,8969,8962,8966,12700,7,
,09:47:54,8969,8962,8966,12700,7,
,09:47:56,8969,8962,8965,12703,3,
,09:47:56,8969,8962,8964,12710,7,
,09:47:57,8969,8962,8964,12711,1,
,09:47:57,8969,8962,8964,12711,1,
,09:47:58,8969,8962,8964,12711,1,
,09:47:59,8969,8962,8964,12711,1,
,09:47:59,8969,8962,8966,12727,16,
,09:48:00,8966,8966,8966,12727,16,
,09:48:00,8966,8966,8966,12730,3,
,09:48:01,8966,8966,8966,12730,3,
,09:48:02,8968,8966,8968,12745,15,
,09:48:03,8969,8966,8969,12747,2,
,09:48:03,8970,8966,8970,12755,8,
,09:48:04,8970,8966,8970,12757,2,
,09:48:05,8970,8966,8970,12757,2,
,09:48:05,8970,8966,8970,12758,1,
,09:48:06,8970,8966,8970,12759,1,
,09:48:06,8970,8966,8970,12765,6,
,09:48:07,8970,8966,8969,12767,2,
,09:48:08,8970,8966,8969,12767,2,
,09:48:08,8970,8966,8968,12784,17,
,09:48:09,8970,8966,8967,12789,5,
,09:48:10,8970,8966,8966,12790,1,
,09:48:10,8970,8966,8968,12797,7,
,09:48:11,8970,8966,8968,12797,7,
,09:48:11,8970,8966,8968,12799,2,
,09:48:13,8970,8966,8968,12799,2,
,09:48:13,8970,8966,8967,12801,2,
,09:48:14,8970,8966,8967,12801,2,
,09:48:15,8970,8966,8967,12801,2,
,09:48:15,8970,8966,8967,12802,1,
,09:48:16,8970,8966,8967,12802,1,
,09:48:17,8970,8966,8966,12804,2,
,09:48:17,8970,8966,8966,12804,2,
,09:48:18,8970,8966,8966,12808,4,
,09:48:19,8970,8966,8967,12810,2,
,09:48:20,8970,8966,8967,12810,2,
,09:48:20,8970,8966,8967,12818,8,
,09:48:21,8970,8966,8967,12821,3,
,09:48:22,8970,8966,8967,12821,3,
,09:48:22,8970,8965,8965,12832,11,
,09:48:23,8970,8965,8965,12832,11,
,09:48:23,8970,8965,8968,12837,5,
,09:48:24,8970,8965,8968,12837,5,
,09:48:24,8970,8965,8968,12839,2,
,09:48:26,8970,8965,8968,12839,2,
,09:48:26,8970,8965,8969,12845,6,
,09:48:27,8970,8965,8969,12853,8,
,09:48:28,8970,8965,8969,12853,8,
,09:48:28,8970,8965,8966,12861,8,
,09:48:29,8970,8965,8965,12862,1,
,09:48:29,8970,8965,8965,12864,2,
,09:48:30,8970,8964,8965,12870,6,
,09:48:31,8970,8964,8965,12870,6,
,09:48:32,8970,8964,8965,12871,1,
,09:48:33,8970,8964,8965,12871,1,
,09:48:34,8970,8964,8966,12894,23,
,09:48:35,8970,8964,8966,12894,23,
,09:48:35,8970,8964,8966,12894,23,
,09:48:37,8970,8964,8966,12898,4,
,09:48:38,8970,8964,8965,12904,6,
,09:48:39,8970,8964,8964,12907,3,
,09:48:39,8970,8964,8965,12916,9,
,09:48:40,8970,8964,8965,12916,9,
,09:48:42,8970,8964,8964,12919,3,
,09:48:43,8970,8964,8964,12919,3,
,09:48:43,8970,8964,8964,12920,1,
,09:48:44,8970,8963,8963,12921,1,
,09:48:44,8970,8963,8963,12921,1,
,09:48:45,8970,8963,8963,12921,1,
,09:48:46,8970,8963,8963,12921,1,
,09:48:46,8970,8963,8963,12923,2,
,09:48:47,8970,8963,8963,12923,2,
,09:48:47,8970,8962,8962,12924,1,
,09:48:48,8970,8962,8963,12929,5,
,09:48:48,8970,8962,8963,12931,2,
,09:48:49,8970,8962,8963,12931,2,
,09:48:49,8970,8962,8963,12933,2,
,09:48:50,8970,8962,8963,12933,2,
,09:48:50,8970,8962,8963,12933,2,
,09:48:51,8970,8962,8963,12933,2,
,09:48:51,8970,8962,8962,12938,5,
,09:48:52,8970,8962,8962,12938,5,
,09:48:52,8970,8962,8963,12940,2,
,09:48:53,8970,8962,8963,12940,2,
,09:48:54,8970,8962,8963,12940,2,
,09:48:54,8970,8962,8963,12940,2,
,09:48:55,8970,8962,8963,12940,2,
,09:48:55,8970,8962,8963,12940,2,
,09:48:58,8970,8962,8963,12940,2,
,09:48:59,8970,8962,8963,12940,2,
,09:48:59,8970,8962,8964,12945,5,
,09:49:00,8963,8963,8963,12946,1,
,09:49:01,8965,8963,8965,12947,1,
,09:49:01,8965,8963,8964,12950,3,
,09:49:02,8965,8963,8964,12950,3,
,09:49:03,8965,8963,8964,12950,3,
,09:49:03,8965,8963,8964,12950,3,
,09:49:04,8965,8963,8964,12950,3,
,09:49:05,8965,8963,8964,12950,3,
,09:49:05,8965,8963,8965,12953,3,
,09:49:06,8965,8963,8965,12953,3,
,09:49:06,8965,8963,8965,12953,3,
,09:49:07,8965,8963,8965,12953,3,
,09:49:08,8965,8963,8963,12963,10,
,09:49:09,8965,8963,8964,12966,3,
,09:49:10,8965,8963,8964,12966,3,
,09:49:10,8966,8963,8966,12969,3,
,09:49:11,8966,8963,8966,12969,3,
,09:49:11,8967,8963,8964,12989,20,
,09:49:12,8967,8963,8964,12989,20,
,09:49:13,8967,8963,8964,12989,20,
,09:49:14,8967,8963,8964,12990,1,
,09:49:14,8967,8963,8964,12991,1,
,09:49:15,8967,8963,8964,12991,1,
,09:49:16,8967,8963,8964,12991,1,
,09:49:17,8967,8963,8964,12991,1,
,09:49:17,8967,8962,8962,13007,16,
,09:49:18,8967,8962,8962,13007,16,
,09:49:18,8967,8962,8963,13008,1,
,09:49:19,8967,8962,8963,13008,1,
,09:49:19,8967,8962,8964,13019,11,
,09:49:20,8967,8962,8965,13079,60,
,09:49:21,8967,8961,8963,13119,40,
,09:49:22,8967,8961,8963,13119,40,
,09:49:22,8967,8961,8961,13121,2,
,09:49:23,8967,8961,8961,13121,2,
,09:49:24,8967,8961,8961,13122,1,
,09:49:25,8967,8961,8962,13129,7,
,09:49:25,8967,8961,8962,13137,8,
,09:49:26,8967,8961,8962,13137,8,
,09:49:26,8967,8961,8961,13140,3,
,09:49:27,8967,8961,8961,13140,3,
,09:49:27,8967,8961,8961,13142,2,
,09:49:28,8967,8961,8961,13142,2,
,09:49:28,8967,8961,8961,13144,2,
,09:49:29,8967,8961,8961,13145,1,
,09:49:29,8967,8961,8962,13146,1,
,09:49:30,8967,8961,8963,13147,1,
,09:49:30,8967,8961,8963,13148,1,
,09:49:31,8967,8961,8964,13154,6,
,09:49:31,8967,8961,8964,13157,3,
,09:49:32,8967,8961,8964,13157,3,
