,09:14:00,21420,21420,21420,382,382,
,09:15:00,21424,21424,21424,383,1,
,09:15:00,21428,21413,21428,446,63,
,09:15:01,21431,21413,21415,485,39,
,09:15:02,21431,21413,21420,487,2,
,09:15:02,21431,21413,21413,509,22,
,09:15:03,21431,21413,21416,510,1,
,09:15:03,21431,21411,21411,526,16,
,09:15:04,21431,21410,21412,547,21,
,09:15:05,21431,21410,21411,548,1,
,09:15:05,21431,21407,21411,611,63,
,09:15:06,21431,21407,21414,661,50,
,09:15:07,21431,21407,21413,680,19,
,09:15:08,21431,21407,21414,681,1,
,09:15:08,21431,21407,21413,694,13,
,09:15:09,21431,21407,21411,706,12,
,09:15:10,21431,21407,21407,708,2,
,09:15:10,21431,21406,21409,757,49,
,09:15:11,21431,21406,21414,758,1,
,09:15:11,21431,21406,21412,785,27,
,09:15:12,21431,21406,21408,796,11,
,09:15:13,21431,21406,21411,827,31,
,09:15:14,21431,21404,21409,868,41,
,09:15:15,21431,21404,21409,868,41,
,09:15:15,21431,21404,21407,881,13,
,09:15:16,21431,21404,21407,881,13,
,09:15:16,21431,21404,21404,885,4,
,09:15:17,21431,21398,21398,971,86,
,09:15:18,21431,21398,21404,991,20,
,09:15:19,21431,21398,21406,999,8,
,09:15:20,21431,21398,21406,999,8,
,09:15:20,21431,21398,21405,1011,12,
,09:15:21,21431,21398,21398,1026,15,
,09:15:22,21431,21398,21398,1027,1,
,09:15:22,21431,21395,21397,1033,6,
,09:15:23,21431,21392,21394,1041,8,
,09:15:24,21431,21388,21388,1068,27,
,09:15:25,21431,21388,21388,1069,1,
,09:15:25,21431,21388,21391,1087,18,
,09:15:26,21431,21388,21391,1087,18,
,09:15:26,21431,21388,21394,1094,7,
,09:15:27,21431,21388,21394,1113,19,
,09:15:28,21431,21388,21395,1141,28,
,09:15:29,21431,21388,21391,1142,1,
,09:15:29,21431,21388,21396,1148,6,
,09:15:30,21431,21388,21391,1158,10,
,09:15:31,21431,21388,21391,1158,10,
,09:15:31,21431,21386,21386,1171,13,
,09:15:32,21431,21386,21386,1175,4,
,09:15:32,21431,21384,21384,1186,11,
,09:15:33,21431,21383,21383,1188,2,
,09:15:34,21431,21383,21386,1190,2,
,09:15:34,21431,21383,21386,1215,25,
,09:15:35,21431,21383,21387,1227,12,
,09:15:36,21431,21382,21382,1238,11,
,09:15:37,21431,21378,21378,1265,27,
,09:15:38,21431,21378,21378,1265,27,
,09:15:38,21431,21377,21380,1279,14,
,09:15:39,21431,21377,21386,1292,13,
,09:15:40,21431,21377,21386,1305,13,
,09:15:41,21431,21377,21386,1305,13,
,09:15:41,21431,21377,21393,1309,4,
,09:15:42,21431,21377,21393,1312,3,
,09:15:43,21431,21377,21393,1312,3,
,09:15:43,21431,21377,21395,1318,6,
,09:15:44,21431,21377,21396,1326,8,
,09:15:45,21431,21377,21396,1326,8,
,09:15:45,21431,21377,21395,1338,12,
,09:15:46,21431,21377,21395,1338,12,
,09:15:46,21431,21377,21392,1340,2,
,09:15:47,21431,21377,21395,1358,18,
,09:15:48,21431,21377,21394,1365,7,
,09:15:49,21431,21377,21394,1369,4,
,09:15:50,21431,21377,21391,1370,1,
,09:15:50,21431,21377,21395,1379,9,
,09:15:51,21431,21377,21392,1388,9,
,09:15:52,21431,21377,21392,1388,9,
,09:15:52,21431,21377,21392,1399,11,
,09:15:53,21431,21377,21392,1399,11,
,09:15:53,21431,21377,21390,1405,6,
,09:15:54,21431,21377,21383,1416,11,
,09:15:55,21431,21377,21382,1420,4,
,09:15:56,21431,21377,21382,1421,1,
,09:15:56,21431,21377,21381,1432,11,
,09:15:57,21431,21377,21380,1446,14,
,09:15:58,21431,21375,21377,1451,5,
,09:15:59,21431,21375,21377,1463,12,
,09:16:00,21377,21377,21377,1464,1,
,09:16:00,21377,21365,21371,1537,73,
,09:16:01,21377,21365,21372,1538,1,
,09:16:01,21377,21365,21371,1561,23,
,09:16:02,21377,21365,21371,1561,23,
,09:16:02,21377,21358,21363,1622,61,
,09:16:03,21377,21358,21363,1622,61,
,09:16:03,21377,21358,21368,1634,12,
,09:16:04,21377,21358,21369,1649,15,
,09:16:05,21377,21358,21370,1666,17,
,09:16:06,21377,21358,21372,1667,1,
,09:16:06,21377,21358,21374,1687,20,
,09:16:07,21377,21358,21374,1687,20,
,09:16:07,21377,21358,21372,1689,2,
,09:16:08,21377,21358,21375,1693,4,
,09:16:09,21380,21358,21378,1707,14,
,09:16:10,21381,21358,21381,1713,6,
,09:16:11,21381,21358,21381,1713,6,
,09:16:11,21383,21358,21383,1725,12,
,09:16:12,21383,21358,21383,1725,12,
,09:16:12,21383,21358,21379,1732,7,
,09:16:13,21383,21358,21383,1733,1,
,09:16:13,21383,21358,21381,1737,4,
,09:16:14,21385,21358,21384,1749,12,
,09:16:15,21385,21358,21384,1759,10,
,09:16:16,21385,21358,21382,1768,9,
,09:16:17,21385,21358,21379,1769,1,
,09:16:17,21385,21358,21384,1783,14,
,09:16:18,21385,21358,21382,1784,1,
,09:16:18,21385,21358,21384,1795,11,
,09:16:19,21385,21358,21384,1796,1,
,09:16:19,21385,21358,21384,1797,1,
,09:16:20,21385,21358,21384,1799,2,
,09:16:20,21388,21358,21388,1808,9,
,09:16:21,21392,21358,21392,1819,11,
,09:16:22,21392,21358,21391,1824,5,
,09:16:23,21392,21358,21390,1825,1,
,09:16:23,21392,21358,21391,1834,9,
,09:16:24,21392,21358,21389,1835,1,
,09:16:24,21393,21358,21393,1841,6,
,09:16:25,21395,21358,21393,1859,18,
,09:16:26,21395,21358,21393,1860,1,
,09:16:26,21395,21358,21393,1871,11,
,09:16:27,21395,21358,21391,1876,5,
,09:16:28,21395,21358,21391,1876,5,
,09:16:28,21395,21358,21387,1886,10,
,09:16:29,21395,21358,21387,1887,1,
,09:16:29,21395,21358,21387,1899,12,
,09:16:30,21395,21358,21387,1900,1,
,09:16:30,21395,21358,21390,1904,4,
,09:16:31,21395,21358,21391,1906,2,
,09:16:31,21395,21358,21390,1911,5,
,09:16:32,21395,21358,21390,1911,5,
,09:16:32,21395,21358,21391,1915,4,
,09:16:33,21395,21358,21389,1916,1,
,09:16:33,21395,21358,21389,1922,6,
,09:16:34,21395,21358,21389,1924,2,
,09:16:35,21395,21358,21391,1925,1,
,09:16:35,21395,21358,21389,1935,10,
,09:16:36,21395,21358,21387,1949,14,
,09:16:37,21395,21358,21387,1950,1,
,09:16:37,21395,21358,21387,1950,1,
,09:16:38,21395,21358,21389,1955,5,
,09:16:38,21395,21358,21384,1971,16,
,09:16:39,21395,21358,21384,1971,16,
,09:16:39,21395,21358,21386,1977,6,
,09:16:40,21395,21358,21386,1979,2,
,09:16:40,21395,21358,21384,1982,3,
,09:16:41,21395,21358,21384,1982,3,
,09:16:41,21395,21358,21386,1995,13,
,09:16:42,21395,21358,21387,1996,1,
,09:16:42,21395,21358,21387,1996,1,
,09:16:43,21395,21358,21388,1999,3,
,09:16:44,21395,21358,21390,2008,9,
,09:16:45,21395,21358,21390,2022,14,
,09:16:46,21395,21358,21390,2023,1,
,09:16:47,21395,21358,21390,2032,9,
,09:16:48,21395,21358,21390,2032,9,
,09:16:48,21395,21358,21385,2033,1,
,09:16:49,21395,21358,21385,2033,1,
,09:16:50,21395,21358,21385,2048,15,
,09:16:51,21395,21358,21385,2048,15,
,09:16:52,21395,21358,21382,2052,4,
,09:16:53,21395,21358,21381,2062,10,
,09:16:54,21395,21358,21376,2084,22,
,09:16:55,21395,21358,21377,2091,7,
,09:16:56,21395,21358,21377,2091,7,
,09:16:56,21395,21358,21379,2105,14,
,09:16:57,21395,21358,21382,2106,1,
,09:16:57,21395,21358,21380,2111,5,
,09:16:58,21395,21358,21380,2111,5,
,09:16:58,21395,21358,21384,2116,5,
,09:16:59,21395,21358,21386,2128,12,
,09:17:00,21386,21386,21386,2130,2,
,09:17:00,21388,21383,21385,2147,17,
,09:17:01,21388,21383,21385,2147,17,
,09:17:01,21388,21383,21387,2152,5,
,09:17:02,21388,21383,21387,2155,3,
,09:17:03,21388,21380,21381,2173,18,
,09:17:04,21388,21380,21383,2177,4,
,09:17:05,21388,21380,21384,2184,7,
,09:17:06,21388,21380,21384,2184,7,
,09:17:06,21388,21380,21386,2186,2,
,09:17:07,21388,21380,21384,2187,1,
,09:17:07,21388,21380,21386,2188,1,
,09:17:08,21388,21380,21386,2189,1,
,09:17:09,21388,21380,21383,2190,1,
,09:17:09,21388,21380,21383,2192,2,
,09:17:10,21388,21380,21383,2193,1,
,09:17:11,21388,21380,21383,2193,1,
,09:17:11,21388,21380,21381,2195,2,
,09:17:12,21388,21380,21381,2195,2,
,09:17:12,21388,21380,21382,2197,2,
,09:17:13,21388,21380,21383,2201,4,
,09:17:14,21388,21380,21383,2201,4,
,09:17:14,21388,21380,21383,2201,4,
,09:17:15,21388,21380,21383,2201,4,
,09:17:16,21388,21380,21385,2204,3,
,09:17:17,21388,21380,21385,2204,3,
,09:17:18,21388,21378,21378,2221,17,
,09:17:19,21388,21377,21377,2225,4,
,09:17:20,21388,21377,21377,2225,4,
,09:17:20,21388,21377,21379,2227,2,
,09:17:21,21388,21377,21380,2229,2,
,09:17:22,21388,21377,21378,2230,1,
,09:17:22,21388,21377,21378,2231,1,
,09:17:23,21388,21377,21382,2239,8,
,09:17:24,21388,21377,21382,2239,8,
,09:17:24,21388,21377,21380,2241,2,
,09:17:25,21388,21377,21380,2241,2,
,09:17:25,21388,21377,21383,2260,19,
,09:17:26,21388,21377,21382,2265,5,
,09:17:27,21388,21377,21382,2265,5,
,09:17:27,21388,21377,21384,2268,3,
,09:17:28,21388,21377,21384,2268,3,
,09:17:28,21388,21377,21384,2269,1,
,09:17:29,21388,21377,21384,2270,1,
,09:17:29,21388,21377,21384,2272,2,
,09:17:30,21388,21377,21384,2272,2,
,09:17:30,21388,21377,21386,2283,11,
,09:17:31,21388,21377,21386,2284,1,
,09:17:31,21388,21377,21387,2287,3,
,09:17:32,21388,21377,21379,2312,25,
,09:17:33,21388,21375,21375,2317,5,
,09:17:34,21388,21375,21375,2318,1,
,09:17:34,21388,21375,21377,2321,3,
,09:17:35,21388,21375,21377,2322,1,
,09:17:36,21388,21375,21381,2329,7,
,09:17:37,21388,21375,21381,2329,7,
,09:17:37,21388,21375,21379,2331,2,
,09:17:39,21388,21375,21381,2333,2,
,09:17:39,21388,21375,21380,2335,2,
,09:17:40,21388,21375,21379,2336,1,
,09:17:40,21388,21375,21375,2357,21,
,09:17:41,21388,21373,21373,2361,4,
,09:17:42,21388,21372,21372,2375,14,
,09:17:43,21388,21372,21375,2385,10,
,09:17:44,21388,21372,21375,2385,10,
,09:17:45,21388,21372,21375,2397,12,
,09:17:46,21388,21372,21375,2397,12,
,09:17:47,21388,21371,21372,2431,34,
,09:17:48,21388,21371,21372,2431,34,
,09:17:48,21388,21370,21370,2435,4,
,09:17:49,21388,21370,21370,2435,4,
,09:17:49,21388,21369,21370,2440,5,
,09:17:50,21388,21369,21374,2449,9,
,09:17:51,21388,21369,21373,2454,5,
,09:17:52,21388,21369,21373,2455,1,
,09:17:52,21388,21369,21372,2459,4,
,09:17:53,21388,21369,21374,2474,15,
,09:17:54,21388,21369,21381,2511,37,
,09:17:55,21388,21369,21381,2522,11,
,09:17:56,21388,21369,21381,2522,11,
,09:17:56,21388,21369,21378,2523,1,
,09:17:57,21388,21369,21378,2523,1,
,09:17:57,21388,21369,21374,2562,39,
,09:17:58,21388,21369,21371,2621,59,
,09:17:59,21388,21369,21370,2622,1,
,09:17:59,21388,21369,21370,2623,1,
,09:18:00,21371,21371,21371,2624,1,
,09:18:00,21371,21368,21369,2629,5,
,09:18:01,21371,21368,21369,2630,1,
,09:18:01,21371,21368,21371,2634,4,
,09:18:02,21371,21368,21371,2634,4,
,09:18:02,21371,21368,21368,2643,9,
,09:18:03,21371,21367,21367,2647,4,
,09:18:04,21371,21367,21369,2651,4,
,09:18:05,21371,21367,21368,2652,1,
,09:18:05,21371,21367,21368,2656,4,
,09:18:06,21371,21367,21367,2657,1,
,09:18:06,21371,21367,21368,2667,10,
,09:18:07,21371,21367,21369,2668,1,
,09:18:07,21371,21367,21371,2669,1,
,09:18:08,21371,21367,21369,2670,1,
,09:18:08,21373,21367,21373,2676,6,
,09:18:09,21373,21367,21373,2676,6,
,09:18:09,21379,21367,21379,2680,4,
,09:18:10,21380,21367,21379,2693,13,
,09:18:11,21380,21367,21369,2705,12,
,09:18:12,21380,21367,21368,2715,10,
,09:18:13,21380,21367,21370,2720,5,
,09:18:14,21380,21367,21373,2737,17,
,09:18:15,21380,21367,21373,2737,17,
,09:18:15,21380,21367,21375,2744,7,
,09:18:16,21380,21367,21375,2745,1,
,09:18:16,21380,21367,21375,2745,1,
,09:18:17,21380,21367,21375,2747,2,
,09:18:17,21380,21367,21375,2747,2,
,09:18:18,21380,21367,21374,2748,1,
,09:18:20,21380,21367,21373,2749,1,
,09:18:21,21380,21367,21373,2750,1,
,09:18:22,21380,21367,21371,2751,1,
,09:18:22,21380,21367,21374,2755,4,
,09:18:24,21380,21367,21374,2755,4,
,09:18:24,21380,21367,21372,2756,1,
,09:18:25,21380,21367,21376,2761,5,
,09:18:26,21380,21367,21375,2762,1,
,09:18:26,21380,21367,21377,2763,1,
,09:18:27,21380,21367,21376,2764,1,
,09:18:27,21380,21367,21376,2765,1,
,09:18:28,21380,21367,21376,2765,1,
,09:18:28,21380,21367,21375,2766,1,
,09:18:29,21380,21367,21376,2767,1,
,09:18:30,21380,21367,21376,2767,1,
,09:18:31,21380,21367,21376,2767,1,
,09:18:32,21380,21367,21376,2770,3,
,09:18:33,21380,21367,21376,2770,3,
,09:18:33,21380,21367,21372,2776,6,
,09:18:34,21380,21367,21372,2776,6,
,09:18:36,21380,21367,21372,2776,6,
,09:18:36,21380,21367,21372,2778,2,
,09:18:37,21380,21367,21372,2778,2,
,09:18:37,21380,21367,21372,2782,4,
,09:18:38,21380,21367,21371,2784,2,
,09:18:38,21380,21367,21373,2785,1,
,09:18:39,21380,21367,21373,2785,1,
,09:18:39,21380,21367,21373,2787,2,
,09:18:40,21380,21367,21374,2788,1,
,09:18:40,21380,21367,21374,2790,2,
,09:18:41,21381,21367,21381,2844,54,
,09:18:42,21381,21367,21381,2844,54,
,09:18:42,21381,21367,21381,2847,3,
,09:18:43,21381,21367,21381,2848,1,
,09:18:43,21381,21367,21379,2849,1,
,09:18:44,21381,21367,21379,2849,1,
,09:18:44,21381,21367,21379,2852,3,
,09:18:45,21381,21367,21380,2853,1,
,09:18:46,21381,21367,21381,2854,1,
,09:18:47,21382,21367,21382,2858,4,
,09:18:48,21382,21367,21379,2859,1,
,09:18:48,21382,21367,21382,2860,1,
,09:18:49,21382,21367,21379,2861,1,
,09:18:50,21382,21367,21379,2861,1,
,09:18:51,21382,21367,21382,2862,1,
,09:18:51,21382,21367,21379,2863,1,
,09:18:52,21382,21367,21379,2863,1,
,09:18:52,21382,21367,21379,2864,1,
,09:18:53,21382,21367,21379,2865,1,
,09:18:53,21382,21367,21378,2874,9,
,09:18:54,21382,21367,21378,2874,9,
,09:18:54,21382,21367,21376,2875,1,
,09:18:55,21382,21367,21378,2876,1,
,09:18:55,21382,21367,21378,2876,1,
,09:18:57,21382,21367,21378,2876,1,
,09:18:57,21382,21367,21376,2877,1,
,09:18:58,21382,21367,21379,2878,1,
,09:18:58,21382,21367,21380,2887,9,
,09:18:59,21382,21367,21381,2890,3,
,09:19:00,21381,21381,21381,2892,2,
,09:19:00,21382,21380,21380,2899,7,
,09:19:01,21382,21378,21378,2901,2,
,09:19:01,21382,21378,21380,2902,1,
,09:19:02,21382,21378,21380,2902,1,
,09:19:03,21382,21378,21380,2904,2,
,09:19:03,21382,21378,21380,2906,2,
,09:19:04,21382,21378,21380,2907,1,
,09:19:04,21382,21377,21377,2912,5,
,09:19:05,21382,21377,21377,2912,5,
,09:19:05,21382,21377,21377,2913,1,
,09:19:06,21382,21377,21377,2913,1,
,09:19:06,21382,21377,21378,2916,3,
,09:19:07,21382,21377,21378,2916,3,
,09:19:07,21382,21376,21376,2919,3,
,09:19:08,21382,21376,21376,2919,3,
,09:19:08,21382,21376,21378,2922,3,
,09:19:09,21382,21376,21378,2922,3,
,09:19:10,21382,21376,21378,2922,3,
,09:19:10,21382,21376,21376,2923,1,
,09:19:11,21382,21376,21376,2924,1,
,09:19:12,21382,21376,21376,2924,1,
,09:19:12,21382,21376,21378,2927,3,
,09:19:13,21382,21376,21378,2927,3,
,09:19:13,21382,21376,21378,2927,3,
,09:19:14,21382,21376,21379,2928,1,
,09:19:15,21382,21376,21379,2928,1,
,09:19:15,21382,21376,21379,2931,3,
,09:19:16,21382,21376,21379,2931,3,
,09:19:16,21382,21376,21378,2933,2,
,09:19:18,21382,21376,21376,2934,1,
,09:19:18,21382,21376,21376,2934,1,
,09:19:19,21382,21376,21376,2934,1,
,09:19:20,21382,21376,21378,2935,1,
,09:19:21,21382,21376,21377,2937,2,
,09:19:22,21382,21376,21377,2938,1,
,09:19:23,21382,21376,21377,2938,1,
,09:19:23,21382,21376,21378,2939,1,
,09:19:24,21382,21376,21378,2939,1,
,09:19:24,21382,21376,21377,2942,3,
,09:19:25,21382,21376,21377,2942,3,
,09:19:25,21382,21376,21378,2946,4,
,09:19:26,21382,21376,21376,2947,1,
,09:19:26,21382,21376,21376,2949,2,
,09:19:27,21382,21376,21376,2949,2,
,09:19:27,21382,21375,21375,2950,1,
,09:19:29,21382,21375,21375,2950,1,
,09:19:30,21382,21375,21375,2951,1,
,09:19:31,21382,21375,21375,2951,1,
,09:19:31,21382,21375,21376,2955,4,
,09:19:32,21382,21375,21376,2956,1,
,09:19:33,21382,21375,21376,2958,2,
,09:19:34,21382,21375,21376,2959,1,
,09:19:35,21382,21375,21376,2959,1,
,09:19:35,21382,21375,21376,2960,1,
,09:19:36,21382,21375,21378,2961,1,
,09:19:37,21382,21375,21378,2961,1,
,09:19:37,21382,21375,21379,2972,11,
,09:19:38,21382,21375,21379,2972,11,
,09:19:38,21382,21375,21378,2973,1,
,09:19:39,21382,21375,21378,2973,1,
,09:19:39,21382,21375,21379,2974,1,
,09:19:41,21382,21375,21377,2975,1,
,09:19:42,21382,21375,21377,2975,1,
,09:19:42,21382,21375,21377,2989,14,
,09:19:43,21382,21375,21377,2989,14,
,09:19:43,21382,21375,21377,2992,3,
,09:19:44,21382,21375,21377,2992,3,
,09:19:44,21382,21375,21378,2995,3,
,09:19:45,21382,21375,21378,2995,3,
,09:19:45,21382,21375,21378,2995,3,
,09:19:46,21382,21375,21378,2998,3,
,09:19:46,21382,21375,21376,2999,1,
,09:19:47,21382,21375,21379,3002,3,
,09:19:48,21382,21375,21379,3002,3,
,09:19:48,21382,21375,21379,3002,3,
,09:19:51,21382,21375,21379,3002,3,
,09:19:51,21382,21375,21379,3004,2,
,09:19:52,21382,21375,21379,3004,2,
,09:19:53,21382,21375,21379,3008,4,
,09:19:54,21382,21375,21379,3009,1,
,09:19:55,21382,21375,21379,3010,1,
,09:19:55,21382,21375,21378,3013,3,
,09:19:56,21382,21375,21381,3020,7,
,09:19:57,21382,21375,21381,3021,1,
,09:19:57,21382,21375,21382,3023,2,
,09:19:58,21383,21375,21383,3024,1,
,09:19:58,21383,21375,21383,3031,7,
,09:19:59,21384,21375,21384,3032,1,
,09:19:59,21384,21375,21383,3035,3,
,09:20:00,21383,21383,21383,3037,2,
,09:20:00,21383,21379,21380,3070,33,
,09:20:01,21383,21379,21381,3082,12,
,09:20:02,21383,21379,21381,3082,12,
,09:20:02,21384,21379,21384,3086,4,
,09:20:03,21386,21379,21386,3098,12,
,09:20:04,21386,21379,21386,3098,12,
,09:20:04,21387,21379,21386,3113,15,
,09:20:05,21387,21379,21386,3114,1,
,09:20:05,21388,21379,21388,3118,4,
,09:20:06,21389,21379,21389,3119,1,
,09:20:06,21389,21379,21388,3123,4,
,09:20:07,21389,21379,21389,3124,1,
,09:20:07,21391,21379,21391,3130,6,
,09:20:08,21391,21379,21390,3131,1,
,09:20:08,21392,21379,21392,3136,5,
,09:20:09,21393,21379,21391,3145,9,
,09:20:10,21393,21379,21389,3152,7,
,09:20:11,21393,21379,21389,3153,1,
,09:20:11,21393,21379,21388,3163,10,
,09:20:12,21393,21379,21388,3174,11,
,09:20:13,21393,21379,21389,3175,1,
,09:20:13,21393,21379,21389,3179,4,
,09:20:14,21393,21379,21387,3182,3,
,09:20:15,21393,21379,21387,3186,4,
,09:20:16,21393,21379,21392,3193,7,
,09:20:17,21393,21379,21390,3199,6,
,09:20:18,21394,21379,21394,3208,9,
,09:20:19,21394,21379,21394,3209,1,
,09:20:20,21395,21379,21393,3214,5,
,09:20:21,21395,21379,21393,3219,5,
,09:20:22,21395,21379,21393,3220,1,
,09:20:22,21395,21379,21392,3234,14,
,09:20:23,21395,21379,21392,3234,14,
,09:20:23,21395,21379,21392,3236,2,
,09:20:24,21396,21379,21396,3260,24,
,09:20:25,21396,21379,21396,3261,1,
,09:20:25,21402,21379,21399,3333,72,
,09:20:26,21402,21379,21401,3343,10,
,09:20:27,21402,21379,21398,3344,1,
,09:20:27,21402,21379,21398,3365,21,
,09:20:28,21402,21379,21398,3365,21,
,09:20:28,21402,21379,21396,3373,8,
,09:20:29,21402,21379,21396,3374,1,
,09:20:29,21402,21379,21397,3376,2,
,09:20:30,21402,21379,21397,3377,1,
,09:20:30,21402,21379,21397,3379,2,
,09:20:32,21402,21379,21397,3379,2,
,09:20:33,21402,21379,21395,3382,3,
,09:20:34,21402,21379,21395,3382,3,
,09:20:34,21402,21379,21393,3384,2,
,09:20:35,21402,21379,21395,3385,1,
,09:20:36,21402,21379,21393,3387,2,
,09:20:36,21402,21379,21393,3392,5,
,09:20:37,21402,21379,21392,3422,30,
,09:20:38,21402,21379,21389,3435,13,
,09:20:39,21402,21379,21389,3438,3,
,09:20:39,21402,21379,21387,3452,14,
,09:20:40,21402,21379,21387,3453,1,
,09:20:40,21402,21379,21390,3461,8,
,09:20:41,21402,21379,21389,3462,1,
,09:20:41,21402,21379,21389,3465,3,
,09:20:42,21402,21379,21389,3465,3,
,09:20:42,21402,21379,21387,3485,20,
,09:20:43,21402,21379,21388,3486,1,
,09:20:43,21402,21379,21385,3494,8,
,09:20:45,21402,21379,21395,3531,37,
,09:20:46,21402,21379,21397,3532,1,
,09:20:46,21402,21379,21396,3539,7,
,09:20:47,21402,21379,21396,3539,7,
,09:20:48,21402,21379,21394,3543,4,
,09:20:49,21402,21379,21394,3544,1,
,09:20:49,21402,21379,21390,3547,3,
,09:20:50,21402,21379,21392,3555,8,
,09:20:51,21402,21379,21388,3579,24,
,09:20:52,21402,21379,21386,3591,12,
,09:20:53,21402,21379,21387,3593,2,
,09:20:54,21402,21379,21392,3605,12,
,09:20:55,21402,21379,21395,3621,16,
,09:20:56,21402,21379,21394,3622,1,
,09:20:56,21402,21379,21392,3627,5,
,09:20:57,21402,21379,21392,3627,5,
,09:20:58,21402,21379,21391,3628,1,
,09:20:58,21402,21379,21389,3633,5,
,09:20:59,21402,21379,21389,3638,5,
,09:21:00,21389,21389,21389,3638,5,
,09:21:00,21389,21388,21388,3640,2,
,09:21:01,21389,21387,21387,3643,3,
,09:21:01,21389,21384,21386,3653,10,
,09:21:02,21389,21384,21389,3665,12,
,09:21:03,21389,21384,21389,3666,1,
,09:21:03,21389,21384,21387,3669,3,
,09:21:04,21389,21384,21387,3670,1,
,09:21:05,21389,21384,21387,3670,1,
,09:21:07,21390,21384,21389,3705,35,
,09:21:08,21390,21384,21388,3708,3,
,09:21:09,21390,21384,21389,3709,1,
,09:21:11,21391,21384,21389,3714,5,
,09:21:12,21391,21384,21388,3715,1,
,09:21:12,21391,21384,21390,3737,22,
,09:21:13,21391,21384,21390,3737,22,
,09:21:13,21391,21384,21390,3740,3,
,09:21:15,21391,21384,21389,3742,2,
,09:21:16,21391,21384,21391,3745,3,
,09:21:19,21393,21384,21393,3747,2,
,09:21:20,21393,21384,21393,3748,1,
,09:21:20,21396,21384,21396,3749,1,
,09:21:21,21396,21384,21396,3749,1,
,09:21:21,21399,21384,21399,3770,21,
,09:21:22,21399,21384,21399,3770,21,
,09:21:22,21399,21384,21399,3774,4,
,09:21:23,21402,21384,21402,3783,9,
,09:21:24,21402,21384,21401,3786,3,
,09:21:24,21402,21384,21398,3792,6,
,09:21:25,21402,21384,21398,3792,6,
,09:21:25,21402,21384,21399,3799,7,
,09:21:26,21402,21384,21400,3800,1,
,09:21:26,21402,21384,21397,3805,5,
,09:21:27,21402,21384,21397,3805,5,
,09:21:27,21402,21384,21395,3808,3,
,09:21:29,21402,21384,21392,3818,10,
,09:21:30,21402,21384,21392,3818,10,
,09:21:30,21402,21384,21392,3821,3,
,09:21:31,21402,21384,21391,3827,6,
,09:21:32,21402,21384,21390,3829,2,
,09:21:34,21402,21384,21392,3838,9,
,09:21:35,21402,21384,21393,3839,1,
,09:21:35,21402,21384,21393,3840,1,
,09:21:36,21402,21384,21393,3840,1,
,09:21:36,21402,21384,21393,3841,1,
,09:21:37,21402,21384,21392,3842,1,
,09:21:37,21402,21384,21393,3843,1,
,09:21:38,21402,21384,21393,3843,1,
,09:21:40,21402,21384,21393,3843,1,
,09:21:41,21402,21384,21391,3844,1,
,09:21:41,21402,21384,21392,3845,1,
,09:21:42,21402,21384,21391,3846,1,
,09:21:42,21402,21384,21392,3847,1,
,09:21:43,21402,21384,21394,3850,3,
,09:21:44,21402,21384,21394,3850,3,
,09:21:44,21402,21384,21392,3851,1,
,09:21:45,21402,21384,21391,3857,6,
,09:21:46,21402,21384,21391,3858,1,
,09:21:49,21402,21384,21391,3858,1,
,09:21:51,21402,21384,21387,3866,8,
,09:21:52,21402,21384,21386,3885,19,
,09:21:53,21402,21384,21386,3887,2,
,09:21:53,21402,21384,21385,3896,9,
,09:21:54,21402,21384,21385,3896,9,
,09:21:54,21402,21384,21386,3898,2,
,09:21:55,21402,21384,21384,3899,1,
,09:21:55,21402,21384,21388,3911,12,
,09:21:56,21402,21384,21388,3911,12,
,09:21:56,21402,21384,21388,3917,6,
,09:21:57,21402,21384,21390,3920,3,
,09:21:58,21402,21384,21390,3921,1,
,09:21:59,21402,21384,21390,3921,1,
,09:22:00,21390,21390,21390,3921,1,
,09:22:00,21390,21389,21389,3924,3,
,09:22:01,21390,21388,21389,3930,6,
,09:22:02,21390,21385,21385,3945,15,
,09:22:03,21390,21385,21385,3949,4,
,09:22:04,21390,21383,21383,3958,9,
,09:22:05,21390,21383,21383,3958,9,
,09:22:05,21390,21381,21381,3966,8,
,09:22:06,21390,21381,21382,3967,1,
,09:22:06,21390,21381,21384,3977,10,
,09:22:07,21390,21381,21383,3978,1,
,09:22:08,21390,21381,21383,3978,1,
,09:22:09,21390,21381,21382,3991,13,
,09:22:10,21390,21381,21381,3994,3,
,09:22:11,21390,21381,21381,3996,2,
,09:22:12,21390,21381,21381,3997,1,
,09:22:12,21390,21380,21380,3999,2,
,09:22:13,21390,21380,21380,4000,1,
,09:22:13,21390,21380,21384,4009,9,
,09:22:14,21390,21380,21384,4011,2,
,09:22:15,21390,21380,21384,4011,2,
,09:22:16,21390,21380,21384,4011,2,
,09:22:17,21390,21380,21388,4019,8,
,09:22:18,21390,21380,21390,4020,1,
,09:22:18,21390,21380,21388,4022,2,
,09:22:19,21390,21380,21390,4027,5,
,09:22:20,21390,21380,21389,4030,3,
,09:22:21,21390,21380,21389,4031,1,
,09:22:22,21390,21380,21389,4031,1,
,09:22:22,21390,21380,21389,4034,3,
,09:22:23,21390,21380,21389,4037,3,
,09:22:24,21390,21380,21389,4037,3,
,09:22:25,21390,21380,21388,4038,1,
,09:22:25,21391,21380,21391,4042,4,
,09:22:26,21391,21380,21391,4042,4,
,09:22:27,21394,21380,21393,4057,15,
,09:22:28,21394,21380,21391,4058,1,
,09:22:28,21394,21380,21390,4062,4,
,09:22:29,21394,21380,21387,4065,3,
,09:22:30,21394,21380,21386,4067,2,
,09:22:31,21394,21380,21385,4072,5,
,09:22:32,21394,21380,21384,4073,1,
,09:22:33,21394,21380,21386,4074,1,
,09:22:33,21394,21380,21386,4080,6,
,09:22:34,21394,21380,21385,4081,1,
,09:22:34,21394,21380,21385,4084,3,
,09:22:36,21394,21380,21385,4084,3,
,09:22:37,21394,21380,21384,4085,1,
,09:22:38,21394,21380,21386,4086,1,
,09:22:38,21394,21380,21387,4091,5,
,09:22:39,21394,21380,21388,4092,1,
,09:22:40,21394,21380,21388,4093,1,
,09:22:41,21394,21380,21388,4093,1,
,09:22:44,21394,21380,21388,4094,1,
,09:22:44,21394,21380,21388,4097,3,
,09:22:45,21394,21380,21388,4097,3,
,09:22:46,21394,21380,21390,4098,1,
,09:22:46,21394,21380,21389,4107,9,
,09:22:47,21394,21380,21390,4109,2,
,09:22:48,21394,21380,21390,4109,2,
,09:22:48,21394,21380,21392,4112,3,
,09:22:49,21394,21380,21393,4114,2,
,09:22:50,21394,21380,21391,4115,1,
,09:22:51,21394,21380,21389,4136,21,
,09:22:52,21394,21380,21388,4138,2,
,09:22:54,21394,21380,21388,4140,2,
,09:22:55,21394,21380,21389,4142,2,
,09:22:56,21394,21380,21389,4142,2,
,09:22:56,21394,21380,21389,4145,3,
,09:22:57,21394,21380,21388,4148,3,
,09:22:58,21394,21380,21390,4150,2,
,09:23:00,21389,21389,21389,4151,1,
,09:23:00,21389,21385,21386,4165,14,
,09:23:01,21389,21385,21386,4165,14,
,09:23:01,21389,21383,21383,4170,5,
,09:23:02,21389,21383,21383,4170,5,
,09:23:03,21389,21382,21384,4178,8,
,09:23:04,21389,21380,21380,4184,6,
,09:23:05,21389,21380,21380,4184,6,
,09:23:05,21389,21380,21382,4187,3,
,09:23:06,21389,21380,21382,4187,3,
,09:23:06,21389,21380,21380,4189,2,
,09:23:07,21389,21380,21387,4202,13,
,09:23:08,21389,21380,21387,4202,13,
,09:23:09,21389,21380,21387,4205,3,
,09:23:14,21389,21380,21384,4206,1,
,09:23:14,21389,21380,21383,4208,2,
,09:23:15,21389,21380,21383,4208,2,
,09:23:15,21389,21380,21383,4208,2,
,09:23:16,21389,21380,21383,4208,2,
,09:23:16,21389,21380,21383,4210,2,
,09:23:17,21389,21380,21383,4210,2,
,09:23:17,21389,21380,21385,4211,1,
,09:23:18,21389,21380,21385,4211,1,
,09:23:19,21389,21380,21386,4214,3,
,09:23:20,21389,21380,21384,4215,1,
,09:23:20,21389,21380,21384,4215,1,
,09:23:22,21389,21380,21384,4215,1,
,09:23:23,21389,21380,21385,4216,1,
,09:23:24,21389,21380,21386,4217,1,
,09:23:24,21389,21380,21386,4217,1,
,09:23:25,21389,21380,21386,4217,1,
,09:23:25,21389,21380,21386,4217,1,
,09:23:28,21389,21380,21386,4217,1,
,09:23:29,21389,21380,21386,4217,1,
,09:23:32,21389,21380,21386,4217,1,
,09:23:33,21389,21380,21386,4225,8,
,09:23:34,21389,21380,21386,4225,8,
,09:23:35,21389,21380,21386,4225,8,
,09:23:36,21389,21380,21386,4226,1,
,09:23:38,21389,21380,21384,4227,1,
,09:23:38,21389,21380,21384,4227,1,
,09:23:39,21389,21380,21384,4227,1,
,09:23:40,21389,21380,21383,4237,10,
,09:23:41,21389,21380,21383,4237,10,
,09:23:41,21389,21380,21383,4237,10,
,09:23:45,21389,21380,21383,4237,10,
,09:23:46,21389,21380,21384,4238,1,
,09:23:47,21389,21380,21384,4238,1,
,09:23:47,21389,21380,21384,4238,1,
,09:23:48,21389,21380,21384,4240,2,
,09:23:49,21389,21380,21384,4240,2,
,09:23:49,21389,21380,21386,4242,2,
,09:23:50,21389,21380,21386,4242,2,
,09:23:50,21389,21380,21388,4255,13,
,09:23:51,21389,21380,21388,4255,13,
,09:23:52,21389,21380,21389,4257,2,
,09:23:52,21390,21380,21390,4262,5,
,09:23:53,21390,21380,21390,4262,5,
,09:23:53,21391,21380,21391,4263,1,
,09:23:54,21391,21380,21391,4264,1,
,09:23:54,21391,21380,21391,4267,3,
,09:23:55,21391,21380,21391,4269,2,
,09:23:56,21391,21380,21389,4271,2,
,09:23:56,21391,21380,21388,4277,6,
,09:23:57,21391,21380,21385,4281,4,
,09:23:58,21391,21380,21385,4281,4,
,09:23:58,21391,21380,21386,4282,1,
,09:24:00,21386,21386,21386,4283,1,
,09:24:00,21386,21384,21384,4287,4,
,09:24:01,21386,21384,21384,4287,4,
,09:24:01,21386,21379,21379,4310,23,
,09:24:02,21386,21373,21377,4358,48,
,09:24:03,21386,21373,21375,4360,2,
,09:24:03,21386,21373,21379,4376,16,
,09:24:04,21386,21373,21378,4378,2,
,09:24:04,21386,21373,21381,4390,12,
,09:24:06,21386,21373,21380,4391,1,
,09:24:06,21386,21373,21380,4391,1,
,09:24:07,21386,21373,21380,4404,13,
,09:24:08,21386,21373,21380,4404,13,
,09:24:08,21386,21373,21382,4406,2,
,09:24:09,21386,21373,21383,4408,2,
,09:24:09,21386,21373,21383,4414,6,
,09:24:10,21386,21373,21381,4415,1,
,09:24:10,21386,21373,21379,4419,4,
,09:24:11,21386,21373,21379,4419,4,
,09:24:11,21386,21373,21379,4420,1,
,09:24:12,21386,21373,21379,4420,1,
,09:24:13,21386,21373,21379,4421,1,
,09:24:14,21386,21373,21379,4421,1,
,09:24:15,21386,21373,21382,4425,4,
,09:24:16,21386,21373,21382,4425,4,
,09:24:16,21386,21373,21382,4426,1,
,09:24:17,21386,21373,21381,4427,1,
,09:24:17,21386,21373,21381,4428,1,
,09:24:18,21386,21373,21381,4428,1,
,09:24:18,21386,21373,21383,4432,4,
,09:24:19,21386,21373,21385,4447,15,
,09:24:20,21386,21373,21385,4447,15,
,09:24:20,21386,21373,21381,4457,10,
,09:24:21,21386,21373,21381,4457,10,
,09:24:21,21386,21373,21381,4487,30,
,09:24:22,21386,21373,21381,4488,1,
,09:24:22,21386,21373,21379,4494,6,
,09:24:23,21386,21373,21378,4496,2,
,09:24:23,21386,21373,21377,4497,1,
,09:24:24,21386,21373,21377,4497,1,
,09:24:25,21386,21373,21377,4506,9,
,09:24:26,21386,21373,21377,4506,9,
,09:24:27,21386,21373,21377,4506,9,
,09:24:27,21386,21373,21380,4507,1,
,09:24:28,21386,21373,21381,4510,3,
,09:24:29,21386,21373,21380,4519,9,
,09:24:30,21386,21373,21380,4519,9,
,09:24:30,21386,21373,21375,4527,8,
,09:24:31,21386,21373,21375,4527,8,
,09:24:31,21386,21373,21375,4531,4,
,09:24:32,21386,21373,21375,4531,4,
,09:24:32,21386,21373,21379,4534,3,
,09:24:33,21386,21373,21379,4534,3,
,09:24:33,21386,21373,21381,4537,3,
,09:24:34,21386,21373,21381,4538,1,
,09:24:35,21386,21373,21380,4547,9,
,09:24:36,21386,21373,21379,4548,1,
,09:24:36,21386,21373,21379,4549,1,
,09:24:37,21386,21373,21379,4549,1,
,09:24:37,21386,21373,21379,4550,1,
,09:24:38,21386,21373,21379,4564,14,
,09:24:39,21386,21373,21379,4564,14,
,09:24:40,21386,21373,21381,4565,1,
,09:24:41,21386,21373,21380,4570,5,
,09:24:41,21386,21373,21380,4575,5,
,09:24:42,21386,21373,21380,4578,3,
,09:24:42,21386,21373,21378,4580,2,
,09:24:44,21386,21373,21379,4582,2,
,09:24:45,21386,21373,21379,4582,2,
,09:24:46,21386,21373,21379,4582,2,
,09:24:46,21386,21373,21379,4582,2,
,09:24:48,21386,21373,21379,4583,1,
,09:24:48,21386,21373,21380,4586,3,
,09:24:49,21386,21373,21378,4587,1,
,09:24:50,21386,21373,21378,4588,1,
,09:24:50,21386,21373,21382,4589,1,
,09:24:51,21386,21373,21381,4591,2,
,09:24:52,21386,21373,21381,4599,8,
,09:24:53,21386,21373,21381,4599,8,
,09:24:54,21386,21373,21381,4600,1,
,09:24:54,21386,21373,21381,4601,1,
,09:24:55,21386,21373,21383,4602,1,
,09:24:55,21386,21373,21383,4606,4,
,09:24:56,21386,21373,21383,4606,4,
,09:24:56,21386,21373,21383,4607,1,
,09:24:57,21386,21373,21384,4608,1,
,09:24:57,21386,21373,21384,4611,3,
,09:24:58,21386,21373,21384,4611,3,
,09:24:58,21386,21373,21385,4613,2,
,09:24:59,21386,21373,21385,4613,2,
,09:24:59,21386,21373,21383,4615,2,
,09:25:00,21385,21385,21385,4616,1,
,09:25:00,21385,21380,21380,4637,21,
,09:25:01,21385,21380,21380,4637,21,
,09:25:01,21385,21374,21374,4653,16,
,09:25:02,21385,21374,21374,4653,16,
,09:25:03,21385,21374,21376,4654,1,
,09:25:04,21385,21374,21377,4655,1,
,09:25:04,21385,21374,21377,4665,10,
,09:25:05,21385,21374,21377,4665,10,
,09:25:05,21385,21374,21375,4668,3,
,09:25:06,21385,21374,21374,4669,1,
,09:25:07,21385,21374,21374,4691,22,
,09:25:08,21385,21374,21374,4691,22,
,09:25:08,21385,21374,21374,4697,6,
,09:25:09,21385,21374,21374,4697,6,
,09:25:09,21385,21374,21374,4698,1,
,09:25:10,21385,21374,21374,4698,1,
,09:25:10,21385,21369,21369,4760,62,
,09:25:11,21385,21368,21370,4777,17,
,09:25:12,21385,21368,21370,4778,1,
,09:25:12,21385,21368,21369,4783,5,
,09:25:13,21385,21368,21369,4798,15,
,09:25:14,21385,21368,21369,4798,15,
,09:25:14,21385,21368,21370,4803,5,
,09:25:15,21385,21368,21370,4803,5,
,09:25:15,21385,21368,21371,4811,8,
,09:25:16,21385,21368,21371,4813,2,
,09:25:17,21385,21368,21370,4814,1,
,09:25:17,21385,21368,21371,4817,3,
,09:25:18,21385,21368,21371,4817,3,
,09:25:18,21385,21368,21372,4819,2,
,09:25:19,21385,21368,21372,4819,2,
,09:25:19,21385,21368,21370,4821,2,
,09:25:20,21385,21368,21371,4827,6,
,09:25:21,21385,21368,21371,4828,1,
,09:25:21,21385,21368,21370,4834,6,
,09:25:22,21385,21365,21367,4853,19,
,09:25:23,21385,21365,21366,4860,7,
,09:25:24,21385,21365,21366,4869,9,
,09:25:25,21385,21365,21370,4886,17,
,09:25:26,21385,21365,21370,4886,17,
,09:25:26,21385,21365,21369,4898,12,
,09:25:27,21385,21365,21369,4898,12,
,09:25:28,21385,21365,21369,4899,1,
,09:25:29,21385,21365,21368,4902,3,
,09:25:30,21385,21365,21370,4909,7,
,09:25:31,21385,21365,21370,4911,2,
,09:25:32,21385,21365,21372,4912,1,
,09:25:33,21385,21365,21374,4916,4,
,09:25:34,21385,21365,21374,4917,1,
,09:25:36,21385,21365,21374,4919,2,
,09:25:37,21385,21365,21374,4919,2,
,09:25:38,21385,21365,21374,4920,1,
,09:25:38,21385,21365,21375,4928,8,
,09:25:39,21385,21365,21376,4929,1,
,09:25:39,21385,21365,21376,4929,1,
,09:25:40,21385,21365,21376,4929,1,
,09:25:41,21385,21365,21376,4929,1,
,09:25:42,21385,21365,21377,4930,1,
,09:25:42,21385,21365,21376,4936,6,
,09:25:43,21385,21365,21376,4936,6,
,09:25:43,21385,21365,21376,4937,1,
,09:25:44,21385,21365,21375,4938,1,
,09:25:45,21385,21365,21375,4938,1,
,09:25:46,21385,21365,21375,4938,1,
,09:25:46,21385,21365,21375,4943,5,
,09:25:48,21385,21365,21375,4943,5,
,09:25:48,21385,21365,21375,4943,5,
,09:25:49,21385,21365,21375,4945,2,
,09:25:50,21385,21365,21375,4949,4,
,09:25:51,21385,21365,21375,4950,1,
,09:25:52,21385,21365,21375,4954,4,
,09:25:52,21385,21365,21373,4960,6,
,09:25:53,21385,21365,21373,4960,6,
,09:25:53,21385,21365,21373,4961,1,
,09:25:54,21385,21365,21372,4963,2,
,09:25:54,21385,21365,21373,4966,3,
,09:25:55,21385,21365,21373,4966,3,
,09:25:55,21385,21365,21373,4968,2,
,09:25:56,21385,21365,21373,4968,2,
,09:25:56,21385,21365,21375,4970,2,
,09:25:57,21385,21365,21375,4971,1,
,09:25:57,21385,21365,21374,4983,12,
,09:25:59,21385,21365,21370,4994,11,
,09:26:00,21370,21370,21370,4994,11,
,09:26:01,21370,21368,21368,4995,1,
,09:26:01,21370,21366,21366,5019,24,
,09:26:02,21370,21366,21366,5022,3,
,09:26:02,21370,21365,21369,5038,16,
,09:26:03,21370,21365,21370,5041,3,
,09:26:04,21370,21365,21368,5042,1,
,09:26:04,21370,21365,21369,5044,2,
,09:26:05,21370,21365,21369,5044,2,
,09:26:05,21370,21365,21368,5049,5,
,09:26:06,21370,21365,21370,5050,1,
,09:26:07,21370,21365,21368,5051,1,
,09:26:07,21370,21365,21370,5052,1,
,09:26:08,21370,21365,21370,5052,1,
,09:26:09,21370,21365,21369,5053,1,
,09:26:09,21370,21365,21368,5061,8,
,09:26:10,21370,21365,21368,5062,1,
,09:26:10,21370,21365,21368,5066,4,
,09:26:11,21370,21365,21368,5072,6,
,09:26:12,21370,21365,21366,5073,1,
,09:26:12,21370,21365,21365,5075,2,
,09:26:13,21370,21365,21365,5079,4,
,09:26:14,21370,21363,21363,5089,10,
,09:26:15,21370,21363,21363,5105,16,
,09:26:16,21370,21363,21363,5105,16,
,09:26:16,21370,21363,21364,5112,7,
,09:26:17,21370,21363,21364,5114,2,
,09:26:17,21370,21363,21368,5122,8,
,09:26:18,21370,21363,21368,5123,1,
,09:26:18,21370,21363,21367,5128,5,
,09:26:19,21370,21363,21368,5129,1,
,09:26:19,21370,21363,21367,5131,2,
,09:26:20,21370,21363,21367,5131,2,
,09:26:20,21370,21363,21369,5133,2,
,09:26:21,21370,21363,21367,5135,2,
,09:26:21,21370,21363,21366,5145,10,
,09:26:22,21370,21363,21366,5145,10,
,09:26:22,21371,21363,21371,5148,3,
,09:26:23,21371,21363,21371,5148,3,
,09:26:23,21371,21363,21369,5149,1,
,09:26:24,21372,21363,21372,5151,2,
,09:26:25,21372,21363,21372,5152,1,
,09:26:25,21372,21363,21372,5153,1,
,09:26:26,21376,21363,21375,5162,9,
,09:26:27,21376,21363,21375,5164,2,
,09:26:28,21376,21363,21374,5167,3,
,09:26:29,21376,21363,21374,5168,1,
,09:26:29,21376,21363,21374,5171,3,
,09:26:30,21376,21363,21373,5173,2,
,09:26:31,21376,21363,21373,5173,2,
,09:26:31,21376,21363,21375,5174,1,
,09:26:32,21376,21363,21375,5174,1,
,09:26:33,21376,21363,21374,5175,1,
,09:26:33,21376,21363,21373,5177,2,
,09:26:35,21376,21363,21372,5178,1,
,09:26:35,21376,21363,21370,5179,1,
,09:26:36,21376,21363,21371,5180,1,
,09:26:37,21376,21363,21370,5181,1,
,09:26:38,21376,21363,21373,5183,2,
,09:26:40,21376,21363,21373,5183,2,
,09:26:40,21376,21363,21373,5183,2,
,09:26:41,21376,21363,21373,5183,2,
,09:26:42,21383,21363,21380,5226,43,
,09:26:43,21383,21363,21378,5234,8,
,09:26:44,21383,21363,21378,5234,8,
,09:26:44,21383,21363,21378,5236,2,
,09:26:45,21383,21363,21378,5241,5,
,09:26:46,21383,21363,21378,5241,5,
,09:26:46,21383,21363,21380,5242,1,
,09:26:47,21383,21363,21378,5243,1,
,09:26:48,21383,21363,21378,5244,1,
,09:26:49,21383,21363,21378,5251,7,
,09:26:50,21383,21363,21380,5252,1,
,09:26:51,21383,21363,21376,5255,3,
,09:26:52,21383,21363,21377,5257,2,
,09:26:53,21383,21363,21378,5258,1,
,09:26:53,21383,21363,21378,5258,1,
,09:26:55,21383,21363,21378,5259,1,
,09:26:55,21383,21363,21383,5262,3,
,09:26:56,21383,21363,21383,5262,3,
,09:26:57,21384,21363,21384,5269,7,
,09:26:58,21384,21363,21384,5272,3,
,09:26:59,21384,21363,21384,5272,3,
,09:26:59,21384,21363,21384,5275,3,
,09:27:00,21384,21384,21384,5276,1,
,09:27:00,21386,21380,21380,5306,30,
,09:27:01,21386,21380,21380,5306,30,
,09:27:01,21386,21380,21383,5324,18,
,09:27:02,21386,21380,21383,5324,18,
,09:27:03,21386,21380,21383,5324,18,
,09:27:03,21386,21379,21381,5329,5,
,09:27:04,21386,21379,21381,5332,3,
,09:27:05,21386,21379,21381,5332,3,
,09:27:05,21386,21379,21383,5336,4,
,09:27:06,21386,21379,21383,5336,4,
,09:27:06,21386,21379,21385,5337,1,
,09:27:07,21386,21379,21385,5337,1,
,09:27:07,21386,21379,21385,5338,1,
,09:27:08,21386,21379,21385,5338,1,
,09:27:08,21386,21379,21386,5341,3,
,09:27:09,21386,21379,21386,5344,3,
,09:27:09,21388,21379,21387,5358,14,
,09:27:10,21388,21379,21387,5358,14,
,09:27:10,21390,21379,21388,5367,9,
,09:27:11,21390,21379,21385,5378,11,
,09:27:12,21390,21379,21385,5378,11,
,09:27:12,21390,21379,21386,5383,5,
,09:27:13,21390,21379,21384,5393,10,
,09:27:14,21390,21379,21384,5393,10,
,09:27:14,21390,21379,21382,5394,1,
,09:27:15,21390,21379,21381,5395,1,
,09:27:15,21390,21379,21384,5405,10,
,09:27:16,21390,21379,21384,5405,10,
,09:27:16,21390,21379,21385,5408,3,
,09:27:18,21390,21379,21386,5409,1,
,09:27:19,21390,21379,21386,5410,1,
,09:27:19,21390,21379,21386,5411,1,
,09:27:20,21390,21379,21386,5411,1,
,09:27:21,21390,21379,21386,5411,1,
,09:27:21,21390,21379,21386,5412,1,
,09:27:22,21390,21379,21386,5412,1,
,09:27:22,21390,21379,21385,5413,1,
,09:27:23,21390,21379,21387,5415,2,
,09:27:23,21390,21379,21386,5417,2,
,09:27:24,21390,21379,21386,5418,1,
,09:27:25,21390,21379,21386,5418,1,
,09:27:28,21390,21379,21385,5421,3,
,09:27:28,21390,21379,21385,5422,1,
,09:27:30,21390,21379,21385,5422,1,
,09:27:30,21390,21379,21386,5423,1,
,09:27:31,21390,21379,21385,5427,4,
,09:27:32,21390,21379,21387,5428,1,
,09:27:33,21390,21379,21385,5429,1,
,09:27:33,21390,21379,21383,5440,11,
,09:27:34,21390,21379,21383,5440,11,
,09:27:34,21390,21379,21383,5440,11,
,09:27:36,21390,21379,21383,5441,1,
,09:27:36,21390,21379,21383,5442,1,
,09:27:38,21390,21379,21380,5443,1,
,09:27:38,21390,21379,21383,5450,7,
,09:27:39,21390,21379,21383,5450,7,
,09:27:40,21390,21379,21381,5451,1,
,09:27:41,21390,21379,21381,5452,1,
,09:27:41,21390,21379,21380,5453,1,
,09:27:42,21390,21379,21380,5453,1,
,09:27:43,21390,21379,21380,5454,1,
,09:27:43,21390,21379,21380,5454,1,
,09:27:47,21390,21379,21381,5459,5,
,09:27:48,21390,21379,21380,5462,3,
,09:27:48,21390,21379,21380,5469,7,
,09:27:49,21390,21379,21380,5469,7,
,09:27:49,21390,21379,21380,5470,1,
,09:27:50,21390,21379,21380,5470,1,
,09:27:50,21390,21379,21382,5475,5,
,09:27:51,21390,21379,21381,5477,2,
,09:27:51,21390,21379,21381,5477,2,
,09:27:52,21390,21378,21378,5485,8,
,09:27:53,21390,21378,21378,5485,8,
,09:27:53,21390,21377,21379,5489,4,
,09:27:54,21390,21377,21379,5489,4,
,09:27:55,21390,21377,21379,5489,4,
,09:27:59,21390,21376,21376,5490,1,
,09:27:59,21390,21376,21376,5490,1,
,09:28:00,21378,21378,21378,5491,1,
,09:28:00,21378,21376,21376,5499,8,
,09:28:01,21378,21374,21374,5510,11,
,09:28:02,21378,21374,21375,5511,1,
,09:28:02,21378,21373,21375,5517,6,
,09:28:03,21378,21373,21375,5517,6,
,09:28:03,21378,21373,21374,5518,1,
,09:28:04,21378,21371,21372,5525,7,
,09:28:05,21378,21368,21372,5552,27,
,09:28:06,21378,21368,21371,5555,3,
,09:28:07,21378,21368,21372,5556,1,
,09:28:07,21378,21368,21373,5560,4,
,09:28:08,21378,21368,21374,5561,1,
,09:28:08,21378,21368,21372,5568,7,
,09:28:09,21378,21368,21373,5569,1,
,09:28:10,21378,21368,21373,5570,1,
,09:28:10,21378,21368,21373,5578,8,
,09:28:11,21378,21368,21375,5579,1,
,09:28:11,21378,21368,21373,5580,1,
,09:28:12,21378,21368,21373,5580,1,
,09:28:13,21378,21368,21374,5581,1,
,09:28:13,21378,21368,21373,5588,7,
,09:28:14,21378,21368,21373,5588,7,
,09:28:14,21378,21368,21372,5591,3,
,09:28:16,21378,21368,21372,5591,3,
,09:28:17,21378,21368,21372,5591,3,
,09:28:17,21378,21368,21371,5593,2,
,09:28:18,21378,21368,21371,5594,1,
,09:28:18,21378,21368,21372,5595,1,
,09:28:19,21378,21368,21369,5601,6,
,09:28:20,21378,21368,21368,5602,1,
,09:28:20,21378,21367,21367,5605,3,
,09:28:21,21378,21367,21368,5606,1,
,09:28:21,21378,21367,21368,5608,2,
,09:28:22,21378,21367,21367,5609,1,
,09:28:22,21378,21367,21368,5615,6,
,09:28:23,21378,21367,21368,5628,13,
,09:28:24,21378,21367,21369,5629,1,
,09:28:24,21378,21366,21366,5630,1,
,09:28:25,21378,21366,21369,5631,1,
,09:28:25,21378,21366,21366,5633,2,
,09:28:26,21378,21366,21366,5634,1,
,09:28:26,21378,21366,21367,5641,7,
,09:28:27,21378,21366,21366,5642,1,
,09:28:27,21378,21366,21366,5642,1,
,09:28:29,21378,21366,21366,5642,1,
,09:28:29,21378,21366,21370,5643,1,
,09:28:31,21378,21366,21370,5643,1,
,09:28:32,21378,21366,21370,5643,1,
,09:28:33,21378,21366,21370,5643,1,
,09:28:34,21378,21366,21371,5689,46,
,09:28:35,21378,21366,21371,5692,3,
,09:28:36,21378,21366,21371,5692,3,
,09:28:37,21378,21366,21371,5692,3,
,09:28:38,21378,21366,21370,5694,2,
,09:28:40,21378,21366,21370,5696,2,
,09:28:40,21378,21366,21369,5697,1,
,09:28:42,21378,21366,21370,5698,1,
,09:28:44,21378,21366,21369,5699,1,
,09:28:45,21378,21366,21370,5700,1,
,09:28:45,21378,21366,21370,5701,1,
,09:28:46,21378,21366,21370,5701,1,
,09:28:47,21378,21366,21370,5701,1,
,09:28:47,21378,21366,21371,5713,12,
,09:28:48,21378,21366,21371,5715,2,
,09:28:49,21378,21366,21370,5717,2,
,09:28:49,21378,21366,21370,5717,2,
,09:28:50,21378,21366,21370,5719,2,
,09:28:56,21378,21366,21372,5724,5,
,09:28:57,21378,21366,21371,5725,1,
,09:28:57,21378,21366,21372,5727,2,
,09:28:58,21378,21366,21372,5727,2,
,09:28:59,21378,21366,21372,5727,2,
,09:29:00,21372,21372,21372,5728,1,
,09:29:00,21372,21367,21367,5757,29,
,09:29:01,21372,21366,21366,5759,2,
,09:29:01,21372,21364,21364,5774,15,
,09:29:02,21372,21364,21365,5775,1,
,09:29:02,21372,21364,21366,5776,1,
,09:29:03,21372,21364,21366,5776,1,
,09:29:03,21372,21364,21368,5785,9,
,09:29:04,21372,21364,21368,5785,9,
,09:29:04,21372,21364,21369,5787,2,
,09:29:05,21372,21364,21369,5787,2,
,09:29:06,21372,21364,21369,5787,2,
,09:29:06,21373,21364,21373,5804,17,
,09:29:07,21374,21364,21374,5807,3,
,09:29:07,21374,21364,21372,5810,3,
,09:29:08,21374,21364,21372,5810,3,
,09:29:10,21374,21364,21372,5810,3,
,09:29:10,21374,21364,21374,5816,6,
,09:29:11,21374,21364,21374,5816,6,
,09:29:11,21377,21364,21377,5820,4,
,09:29:12,21377,21364,21377,5820,4,
,09:29:13,21377,21364,21377,5823,3,
,09:29:13,21377,21364,21377,5827,4,
,09:29:14,21377,21364,21377,5827,4,
,09:29:14,21377,21364,21376,5828,1,
,09:29:15,21377,21364,21376,5828,1,
,09:29:15,21378,21364,21378,5830,2,
,09:29:16,21379,21364,21376,5835,5,
,09:29:17,21379,21364,21377,5836,1,
,09:29:17,21379,21364,21374,5847,11,
,09:29:18,21379,21364,21374,5847,11,
,09:29:18,21379,21364,21373,5849,2,
,09:29:19,21379,21364,21373,5849,2,
,09:29:19,21379,21364,21373,5852,3,
,09:29:20,21379,21364,21373,5852,3,
,09:29:20,21379,21364,21374,5853,1,
,09:29:21,21379,21364,21375,5858,5,
,09:29:22,21379,21364,21375,5858,5,
,09:29:22,21379,21364,21376,5864,6,
,09:29:23,21379,21364,21376,5873,9,
,09:29:24,21379,21364,21376,5873,9,
,09:29:24,21379,21364,21377,5878,5,
,09:29:25,21379,21364,21378,5880,2,
,09:29:26,21379,21364,21379,5881,1,
,09:29:27,21379,21364,21377,5882,1,
,09:29:28,21379,21364,21377,5882,1,
,09:29:28,21379,21364,21377,5885,3,
,09:29:29,21379,21364,21377,5886,1,
,09:29:29,21379,21364,21377,5888,2,
,09:29:30,21379,21364,21377,5890,2,
,09:29:30,21379,21364,21377,5890,2,
,09:29:31,21379,21364,21376,5891,1,
,09:29:31,21379,21364,21373,5900,9,
,09:29:32,21379,21364,21375,5903,3,
,09:29:32,21379,21364,21374,5904,1,
,09:29:33,21379,21364,21374,5904,1,
,09:29:34,21379,21364,21374,5904,1,
,09:29:35,21379,21364,21375,5905,1,
,09:29:35,21379,21364,21373,5907,2,
,09:29:36,21379,21364,21373,5907,2,
,09:29:36,21379,21364,21375,5910,3,
,09:29:37,21379,21364,21375,5910,3,
,09:29:37,21379,21364,21376,5912,2,
,09:29:38,21379,21364,21376,5912,2,
,09:29:39,21379,21364,21376,5912,2,
,09:29:39,21379,21364,21377,5923,11,
,09:29:40,21379,21364,21377,5924,1,
,09:29:40,21379,21364,21379,5925,1,
,09:29:41,21379,21364,21379,5927,2,
,09:29:42,21379,21364,21379,5927,2,
,09:29:42,21379,21364,21376,5930,3,
,09:29:43,21379,21364,21378,5931,1,
,09:29:46,21379,21364,21377,5934,3,
,09:29:47,21379,21364,21377,5934,3,
,09:29:48,21379,21364,21377,5934,3,
,09:29:51,21379,21364,21377,5935,1,
,09:29:51,21379,21364,21375,5940,5,
,09:29:52,21379,21364,21375,5940,5,
,09:29:52,21379,21364,21375,5941,1,
,09:29:53,21379,21364,21375,5941,1,
,09:29:53,21379,21364,21373,5942,1,
,09:29:54,21379,21364,21375,5946,4,
,09:29:55,21379,21364,21375,5946,4,
,09:29:55,21379,21364,21375,5946,4,
,09:29:57,21379,21364,21374,5947,1,
,09:29:58,21379,21364,21374,5948,1,
,09:29:58,21379,21364,21375,5949,1,
,09:29:59,21379,21364,21375,5949,1,
,09:29:59,21379,21364,21373,5957,8,
,09:30:00,21372,21372,21372,5958,1,
,09:30:00,21374,21362,21362,6065,107,
,09:30:01,21374,21361,21362,6106,41,
,09:30:02,21374,21361,21363,6107,1,
,09:30:02,21374,21353,21353,6176,69,
,09:30:03,21374,21348,21348,6238,62,
,09:30:04,21374,21344,21347,6291,53,
,09:30:05,21374,21344,21348,6329,38,
,09:30:06,21374,21344,21349,6330,1,
,09:30:06,21374,21344,21349,6352,22,
,09:30:07,21374,21344,21350,6380,28,
,09:30:08,21374,21344,21352,6424,44,
,09:30:09,21374,21344,21356,6459,35,
,09:30:10,21374,21344,21357,6492,33,
,09:30:11,21374,21344,21357,6495,3,
,09:30:11,21374,21344,21360,6516,21,
,09:30:12,21374,21344,21360,6517,1,
,09:30:12,21374,21344,21360,6551,34,
,09:30:13,21374,21344,21361,6553,2,
,09:30:13,21374,21344,21354,6575,22,
,09:30:14,21374,21344,21355,6576,1,
,09:30:14,21374,21344,21356,6584,8,
,09:30:15,21374,21344,21353,6615,31,
,09:30:16,21374,21344,21353,6616,1,
,09:30:16,21374,21344,21350,6636,20,
,09:30:17,21374,21344,21349,6637,1,
,09:30:17,21374,21344,21348,6644,7,
,09:30:18,21374,21344,21348,6645,1,
,09:30:18,21374,21344,21350,6657,12,
,09:30:19,21374,21344,21350,6659,2,
,09:30:19,21374,21344,21351,6666,7,
,09:30:20,21374,21343,21343,6690,24,
,09:30:21,21374,21343,21344,6691,1,
,09:30:21,21374,21343,21349,6703,12,
,09:30:22,21374,21343,21350,6704,1,
,09:30:22,21374,21343,21345,6718,14,
,09:30:23,21374,21338,21339,6767,49,
,09:30:24,21374,21338,21338,6768,1,
,09:30:24,21374,21337,21338,6781,13,
,09:30:25,21374,21337,21341,6807,26,
,09:30:26,21374,21337,21341,6823,16,
,09:30:27,21374,21337,21340,6824,1,
,09:30:27,21374,21337,21337,6841,17,
,09:30:28,21374,21337,21345,6889,48,
,09:30:29,21374,21337,21347,6891,2,
,09:30:29,21374,21337,21346,6923,32,
,09:30:30,21374,21337,21348,6925,2,
,09:30:30,21374,21337,21346,6936,11,
,09:30:31,21374,21337,21345,6959,23,
,09:30:32,21374,21337,21345,6959,23,
,09:30:32,21374,21337,21346,6966,7,
,09:30:33,21374,21337,21346,6966,7,
,09:30:33,21374,21337,21346,6977,11,
,09:30:34,21374,21337,21346,6977,11,
,09:30:34,21374,21337,21345,6989,12,
,09:30:35,21374,21337,21345,6989,12,
,09:30:35,21374,21337,21352,7012,23,
,09:30:36,21374,21337,21352,7012,23,
,09:30:36,21374,21337,21352,7015,3,
,09:30:37,21374,21337,21350,7016,1,
,09:30:37,21374,21337,21347,7021,5,
,09:30:38,21374,21337,21347,7021,5,
,09:30:38,21374,21337,21342,7038,17,
,09:30:39,21374,21337,21342,7038,17,
,09:30:39,21374,21337,21341,7055,17,
,09:30:40,21374,21337,21341,7055,17,
,09:30:40,21374,21337,21344,7066,11,
,09:30:41,21374,21337,21344,7066,11,
,09:30:41,21374,21337,21349,7075,9,
,09:30:42,21374,21337,21348,7081,6,
,09:30:43,21374,21337,21348,7081,6,
,09:30:43,21374,21337,21348,7088,7,
,09:30:44,21374,21337,21349,7095,7,
,09:30:45,21374,21337,21349,7095,7,
,09:30:45,21374,21337,21348,7098,3,
,09:30:46,21374,21337,21347,7099,1,
,09:30:46,21374,21337,21343,7121,22,
,09:30:47,21374,21337,21343,7121,22,
,09:30:47,21374,21337,21344,7134,13,
,09:30:48,21374,21337,21347,7165,31,
,09:30:49,21374,21337,21347,7165,31,
,09:30:49,21374,21337,21346,7179,14,
,09:30:50,21374,21337,21346,7179,14,
,09:30:50,21374,21337,21346,7189,10,
,09:30:51,21374,21337,21345,7196,7,
,09:30:52,21374,21337,21345,7196,7,
,09:30:52,21374,21337,21342,7205,9,
,09:30:53,21374,21337,21341,7219,14,
,09:30:54,21374,21337,21341,7219,14,
,09:30:54,21374,21337,21341,7222,3,
,09:30:55,21374,21337,21341,7222,3,
,09:30:55,21374,21337,21344,7241,19,
,09:30:56,21374,21337,21349,7247,6,
,09:30:57,21374,21337,21348,7251,4,
,09:30:58,21374,21337,21350,7269,18,
,09:30:59,21374,21337,21350,7277,8,
,09:31:00,21350,21350,21350,7277,8,
,09:31:00,21351,21346,21346,7292,15,
,09:31:01,21351,21346,21347,7293,1,
,09:31:01,21351,21346,21346,7295,2,
,09:31:02,21351,21344,21344,7314,19,
,09:31:03,21351,21341,21341,7323,9,
,09:31:04,21351,21341,21341,7326,3,
,09:31:04,21351,21340,21342,7331,5,
,09:31:05,21351,21340,21340,7334,3,
,09:31:06,21351,21340,21342,7335,1,
,09:31:06,21351,21340,21341,7339,4,
,09:31:07,21351,21340,21342,7340,1,
,09:31:07,21351,21340,21342,7345,5,
,09:31:08,21351,21340,21343,7346,1,
,09:31:08,21351,21340,21344,7360,14,
,09:31:09,21351,21340,21344,7361,1,
,09:31:09,21351,21340,21342,7363,2,
,09:31:10,21351,21340,21342,7363,2,
,09:31:10,21351,21339,21339,7382,19,
,09:31:11,21351,21336,21338,7402,20,
,09:31:12,21351,21336,21338,7402,20,
,09:31:12,21351,21336,21342,7431,29,
,09:31:13,21351,21336,21342,7432,1,
,09:31:13,21351,21336,21343,7442,10,
,09:31:14,21351,21336,21343,7442,10,
,09:31:14,21351,21336,21338,7459,17,
,09:31:15,21351,21336,21340,7462,3,
,09:31:16,21351,21336,21340,7462,3,
,09:31:16,21351,21336,21342,7470,8,
,09:31:17,21351,21336,21342,7470,8,
,09:31:17,21351,21336,21341,7474,4,
,09:31:18,21351,21336,21348,7504,30,
,09:31:19,21351,21336,21348,7504,30,
,09:31:19,21351,21336,21347,7511,7,
,09:31:20,21351,21336,21343,7528,17,
,09:31:21,21351,21336,21341,7532,4,
,09:31:21,21351,21336,21343,7534,2,
,09:31:22,21351,21336,21343,7534,2,
,09:31:22,21351,21336,21343,7537,3,
,09:31:23,21351,21336,21345,7538,1,
,09:31:23,21351,21336,21343,7543,5,
,09:31:24,21351,21336,21343,7543,5,
,09:31:24,21351,21336,21341,7547,4,
,09:31:25,21351,21336,21341,7547,4,
,09:31:25,21351,21336,21336,7580,33,
,09:31:26,21351,21336,21336,7582,2,
,09:31:26,21351,21335,21335,7584,2,
,09:31:27,21351,21335,21335,7585,1,
,09:31:27,21351,21334,21334,7597,12,
,09:31:28,21351,21334,21334,7597,12,
,09:31:28,21351,21334,21336,7605,8,
,09:31:29,21351,21334,21336,7605,8,
,09:31:29,21351,21334,21336,7609,4,
,09:31:30,21351,21334,21336,7610,1,
,09:31:30,21351,21334,21338,7617,7,
,09:31:31,21351,21334,21339,7624,7,
,09:31:32,21351,21334,21340,7625,1,
,09:31:32,21351,21334,21339,7626,1,
,09:31:33,21351,21334,21339,7626,1,
,09:31:33,21351,21334,21338,7628,2,
,09:31:34,21351,21334,21337,7629,1,
,09:31:34,21351,21334,21337,7635,6,
,09:31:35,21351,21334,21339,7639,4,
,09:31:35,21351,21334,21342,7643,4,
,09:31:36,21351,21334,21340,7644,1,
,09:31:36,21351,21334,21339,7655,11,
,09:31:37,21351,21334,21339,7655,11,
,09:31:37,21351,21334,21338,7679,24,
,09:31:38,21351,21334,21337,7687,8,
,09:31:39,21351,21334,21336,7690,3,
,09:31:39,21351,21334,21335,7694,4,
,09:31:40,21351,21334,21334,7695,1,
,09:31:40,21351,21334,21334,7700,5,
,09:31:41,21351,21334,21334,7701,1,
,09:31:41,21351,21334,21336,7703,2,
,09:31:42,21351,21334,21338,7722,19,
,09:31:43,21351,21334,21337,7723,1,
,09:31:43,21351,21334,21337,7727,4,
,09:31:44,21351,21334,21337,7734,7,
,09:31:45,21351,21334,21338,7735,1,
,09:31:45,21351,21334,21337,7739,4,
,09:31:46,21351,21334,21339,7740,1,
,09:31:46,21351,21334,21338,7743,3,
,09:31:47,21351,21334,21337,7744,1,
,09:31:47,21351,21334,21338,7747,3,
,09:31:48,21351,21334,21339,7748,1,
,09:31:48,21351,21334,21339,7758,10,
,09:31:49,21351,21334,21340,7759,1,
,09:31:49,21351,21334,21341,7767,8,
,09:31:50,21351,21334,21342,7772,5,
,09:31:51,21351,21334,21344,7775,3,
,09:31:51,21351,21334,21343,7787,12,
,09:31:52,21351,21334,21344,7788,1,
,09:31:52,21351,21334,21344,7795,7,
,09:31:53,21351,21334,21344,7795,7,
,09:31:53,21351,21334,21343,7798,3,
,09:31:54,21351,21334,21343,7798,3,
,09:31:54,21351,21334,21342,7824,26,
,09:31:55,21351,21334,21343,7825,1,
,09:31:55,21351,21334,21341,7830,5,
,09:31:56,21351,21334,21341,7831,1,
,09:31:56,21351,21334,21341,7834,3,
,09:31:57,21351,21334,21340,7840,6,
,09:31:58,21351,21334,21337,7859,19,
,09:31:59,21351,21334,21338,7861,2,
,09:32:00,21338,21338,21338,7861,2,
,09:32:00,21339,21337,21339,7868,7,
,09:32:01,21339,21337,21337,7875,7,
,09:32:02,21339,21337,21337,7876,1,
,09:32:02,21339,21337,21337,7886,10,
,09:32:03,21339,21337,21337,7886,10,
,09:32:03,21339,21337,21337,7891,5,
,09:32:04,21339,21337,21338,7893,2,
,09:32:05,21339,21336,21336,7894,1,
,09:32:05,21339,21336,21338,7898,4,
,09:32:06,21339,21336,21338,7898,4,
,09:32:06,21339,21336,21337,7901,3,
,09:32:07,21339,21336,21337,7901,3,
,09:32:07,21339,21336,21337,7902,1,
,09:32:08,21339,21336,21339,7903,1,
,09:32:08,21339,21336,21337,7913,10,
,09:32:09,21339,21336,21338,7916,3,
,09:32:09,21339,21336,21338,7919,3,
,09:32:10,21339,21336,21338,7919,3,
,09:32:11,21339,21336,21338,7919,3,
,09:32:11,21339,21336,21338,7920,1,
,09:32:12,21339,21336,21338,7921,1,
,09:32:12,21339,21336,21336,7925,4,
,09:32:13,21339,21336,21336,7925,4,
,09:32:13,21339,21336,21338,7936,11,
,09:32:14,21339,21336,21339,7937,1,
,09:32:14,21339,21336,21338,7942,5,
,09:32:15,21339,21336,21338,7943,1,
,09:32:15,21339,21336,21337,7945,2,
,09:32:16,21339,21336,21336,7946,1,
,09:32:17,21339,21336,21336,7947,1,
,09:32:17,21339,21336,21338,7954,7,
,09:32:18,21339,21336,21338,7955,1,
,09:32:18,21339,21336,21338,7957,2,
,09:32:19,21339,21336,21338,7958,1,
,09:32:20,21339,21336,21338,7960,2,
,09:32:20,21339,21336,21337,7961,1,
,09:32:21,21339,21336,21337,7961,1,
,09:32:21,21339,21336,21338,7970,9,
,09:32:22,21339,21336,21338,7970,9,
,09:32:22,21339,21336,21339,7971,1,
,09:32:23,21340,21336,21340,7976,5,
,09:32:24,21340,21336,21340,7976,5,
,09:32:24,21340,21336,21340,7978,2,
,09:32:25,21340,21336,21340,7978,2,
,09:32:25,21342,21336,21341,7985,7,
,09:32:26,21343,21336,21343,7987,2,
,09:32:26,21346,21336,21345,8003,16,
,09:32:27,21346,21336,21344,8004,1,
,09:32:27,21346,21336,21341,8013,9,
,09:32:28,21346,21336,21338,8022,9,
,09:32:29,21346,21336,21338,8022,9,
,09:32:29,21346,21336,21339,8025,3,
,09:32:30,21346,21336,21339,8025,3,
,09:32:30,21346,21336,21339,8027,2,
,09:32:31,21346,21336,21339,8027,2,
,09:32:31,21346,21336,21337,8036,9,
,09:32:32,21346,21336,21337,8037,1,
,09:32:32,21346,21336,21338,8042,5,
,09:32:33,21346,21336,21338,8042,5,
,09:32:33,21346,21335,21335,8051,9,
,09:32:34,21346,21335,21335,8051,9,
,09:32:35,21346,21335,21335,8051,9,
,09:32:36,21346,21335,21336,8070,19,
,09:32:37,21346,21335,21337,8071,1,
,09:32:37,21346,21335,21336,8072,1,
,09:32:38,21346,21335,21338,8075,3,
,09:32:39,21346,21335,21338,8075,3,
,09:32:39,21346,21335,21340,8078,3,
,09:32:40,21346,21335,21340,8078,3,
,09:32:40,21346,21335,21341,8082,4,
,09:32:41,21346,21335,21341,8082,4,
,09:32:41,21346,21335,21342,8089,7,
,09:32:42,21346,21335,21342,8089,7,
,09:32:42,21346,21335,21342,8093,4,
,09:32:43,21346,21335,21344,8094,1,
,09:32:43,21346,21335,21342,8097,3,
,09:32:44,21346,21335,21342,8097,3,
,09:32:44,21346,21335,21343,8100,3,
,09:32:45,21346,21335,21343,8100,3,
,09:32:45,21346,21335,21341,8101,1,
,09:32:46,21346,21335,21342,8102,1,
,09:32:46,21346,21335,21342,8103,1,
,09:32:47,21346,21335,21342,8103,1,
,09:32:47,21346,21335,21342,8103,1,
,09:32:48,21346,21335,21341,8105,2,
,09:32:48,21346,21335,21342,8107,2,
,09:32:49,21346,21335,21342,8107,2,
,09:32:49,21346,21335,21342,8112,5,
,09:32:50,21346,21335,21342,8112,5,
,09:32:50,21346,21335,21342,8113,1,
,09:32:51,21346,21335,21342,8113,1,
,09:32:51,21346,21335,21342,8115,2,
,09:32:53,21346,21335,21342,8115,2,
,09:32:54,21346,21335,21343,8120,5,
,09:32:55,21346,21335,21344,8122,2,
,09:32:55,21346,21335,21341,8133,11,
,09:32:56,21346,21335,21340,8142,9,
,09:32:57,21346,21335,21340,8143,1,
,09:32:57,21346,21335,21342,8149,6,
,09:32:58,21346,21335,21342,8149,6,
,09:32:58,21346,21335,21343,8157,8,
,09:32:59,21346,21335,21343,8157,8,
,09:32:59,21346,21335,21342,8158,1,
,09:33:00,21344,21344,21344,8159,1,
,09:33:00,21346,21343,21346,8168,9,
,09:33:01,21346,21343,21346,8168,9,
,09:33:01,21346,21343,21344,8171,3,
,09:33:02,21346,21343,21344,8172,1,
,09:33:02,21346,21343,21346,8176,4,
,09:33:03,21346,21343,21345,8180,4,
,09:33:04,21346,21343,21345,8188,8,
,09:33:05,21348,21343,21345,8198,10,
,09:33:06,21348,21343,21346,8199,1,
,09:33:06,21348,21343,21345,8200,1,
,09:33:07,21348,21343,21345,8200,1,
,09:33:07,21348,21343,21346,8201,1,
,09:33:08,21348,21343,21345,8202,1,
,09:33:08,21348,21343,21346,8203,1,
,09:33:09,21348,21343,21346,8204,1,
,09:33:09,21348,21343,21347,8212,8,
,09:33:10,21348,21343,21346,8217,5,
,09:33:11,21348,21343,21346,8217,5,
,09:33:11,21348,21343,21346,8243,26,
,09:33:12,21349,21343,21349,8253,10,
,09:33:13,21349,21343,21349,8253,10,
,09:33:13,21349,21343,21347,8259,6,
,09:33:14,21349,21343,21347,8272,13,
,09:33:15,21349,21343,21347,8274,2,
,09:33:15,21349,21343,21345,8275,1,
,09:33:16,21349,21343,21345,8285,10,
,09:33:17,21349,21343,21345,8285,10,
,09:33:17,21349,21343,21346,8288,3,
,09:33:18,21349,21343,21347,8289,1,
,09:33:18,21349,21343,21349,8325,36,
,09:33:19,21352,21343,21352,8333,8,
,09:33:20,21352,21343,21349,8334,1,
,09:33:20,21352,21343,21349,8338,4,
,09:33:21,21352,21343,21351,8339,1,
,09:33:21,21352,21343,21348,8340,1,
,09:33:22,21352,21343,21350,8345,5,
,09:33:23,21352,21343,21349,8346,1,
,09:33:23,21352,21343,21350,8351,5,
,09:33:24,21352,21343,21349,8355,4,
,09:33:25,21352,21343,21349,8356,1,
,09:33:25,21352,21343,21351,8358,2,
,09:33:26,21352,21343,21350,8360,2,
,09:33:26,21352,21343,21351,8367,7,
,09:33:27,21352,21343,21351,8374,7,
,09:33:28,21352,21343,21350,8388,14,
,09:33:29,21352,21343,21350,8389,1,
,09:33:29,21353,21343,21353,8413,24,
,09:33:30,21355,21343,21355,8418,5,
,09:33:31,21356,21343,21356,8434,16,
,09:33:32,21357,21343,21354,8452,18,
,09:33:33,21357,21343,21354,8452,18,
,09:33:33,21357,21343,21353,8456,4,
,09:33:34,21357,21343,21353,8463,7,
,09:33:35,21358,21343,21358,8487,24,
,09:33:36,21360,21343,21360,8513,26,
,09:33:37,21362,21343,21359,8527,14,
,09:33:38,21362,21343,21357,8537,10,
,09:33:39,21362,21343,21359,8546,9,
,09:33:40,21362,21343,21360,8547,1,
,09:33:40,21362,21343,21361,8553,6,
,09:33:41,21362,21343,21360,8554,1,
,09:33:41,21362,21343,21362,8558,4,
,09:33:42,21364,21343,21363,8571,13,
,09:33:43,21364,21343,21361,8579,8,
,09:33:44,21364,21343,21361,8580,1,
,09:33:44,21364,21343,21358,8586,6,
,09:33:45,21364,21343,21358,8587,1,
,09:33:45,21364,21343,21357,8595,8,
,09:33:46,21364,21343,21359,8596,1,
,09:33:46,21364,21343,21357,8603,7,
,09:33:47,21364,21343,21359,8614,11,
,09:33:48,21364,21343,21358,8619,5,
,09:33:49,21364,21343,21357,8620,1,
,09:33:49,21364,21343,21357,8625,5,
,09:33:50,21364,21343,21357,8625,5,
,09:33:50,21364,21343,21354,8634,9,
,09:33:51,21364,21343,21356,8635,1,
,09:33:51,21364,21343,21356,8637,2,
,09:33:52,21364,21343,21356,8641,4,
,09:33:53,21364,21343,21356,8641,4,
,09:33:53,21364,21343,21357,8643,2,
,09:33:54,21364,21343,21357,8649,6,
,09:33:55,21364,21343,21357,8652,3,
,09:33:56,21364,21343,21357,8653,1,
,09:33:56,21364,21343,21357,8656,3,
,09:33:57,21364,21343,21356,8657,1,
,09:33:57,21364,21343,21357,8662,5,
,09:33:58,21364,21343,21357,8662,5,
,09:33:58,21364,21343,21356,8669,7,
,09:33:59,21364,21343,21356,8669,7,
,09:33:59,21364,21343,21355,8670,1,
,09:34:00,21356,21356,21356,8671,1,
,09:34:00,21357,21356,21357,8678,7,
,09:34:01,21358,21356,21357,8687,9,
,09:34:02,21358,21356,21357,8687,9,
,09:34:02,21358,21354,21354,8699,12,
,09:34:03,21358,21354,21354,8699,12,
,09:34:03,21358,21354,21354,8702,3,
,09:34:04,21358,21354,21356,8705,3,
,09:34:05,21358,21354,21356,8707,2,
,09:34:05,21358,21354,21357,8708,1,
,09:34:06,21358,21354,21357,8710,2,
,09:34:06,21358,21354,21355,8713,3,
,09:34:07,21358,21354,21356,8714,1,
,09:34:07,21358,21354,21355,8720,6,
,09:34:08,21358,21354,21355,8721,1,
,09:34:08,21358,21354,21356,8723,2,
,09:34:09,21358,21354,21355,8724,1,
,09:34:09,21358,21354,21354,8728,4,
,09:34:10,21358,21353,21353,8731,3,
,09:34:11,21358,21353,21355,8733,2,
,09:34:11,21358,21353,21357,8745,12,
,09:34:12,21358,21353,21357,8745,12,
,09:34:12,21358,21353,21358,8746,1,
,09:34:13,21358,21353,21358,8746,1,
,09:34:13,21362,21353,21360,8766,20,
,09:34:14,21362,21353,21362,8774,8,
,09:34:15,21362,21353,21360,8775,1,
,09:34:15,21364,21353,21364,8790,15,
,09:34:16,21364,21353,21362,8804,14,
,09:34:17,21364,21353,21363,8805,1,
,09:34:18,21364,21353,21363,8807,2,
,09:34:18,21364,21353,21361,8814,7,
,09:34:19,21364,21353,21362,8815,1,
,09:34:19,21364,21353,21362,8817,2,
,09:34:20,21366,21353,21366,8827,10,
,09:34:21,21366,21353,21364,8828,1,
,09:34:21,21366,21353,21366,8831,3,
,09:34:22,21366,21353,21364,8832,1,
,09:34:22,21367,21353,21367,8836,4,
,09:34:23,21367,21353,21366,8842,6,
,09:34:24,21367,21353,21366,8842,6,
,09:34:25,21367,21353,21364,8843,1,
,09:34:25,21367,21353,21366,8851,8,
,09:34:26,21367,21353,21366,8851,8,
,09:34:26,21367,21353,21367,8857,6,
,09:34:27,21367,21353,21366,8858,1,
,09:34:27,21368,21353,21368,8859,1,
,09:34:28,21368,21353,21368,8859,1,
,09:34:28,21368,21353,21366,8879,20,
,09:34:29,21368,21353,21366,8879,20,
,09:34:29,21368,21353,21366,8882,3,
,09:34:30,21368,21353,21366,8883,1,
,09:34:30,21368,21353,21368,8893,10,
,09:34:31,21368,21353,21368,8893,10,
,09:34:31,21368,21353,21364,8910,17,
,09:34:32,21368,21353,21364,8910,17,
,09:34:32,21368,21353,21367,8919,9,
,09:34:33,21368,21353,21367,8919,9,
,09:34:33,21368,21353,21366,8922,3,
,09:34:34,21368,21353,21366,8923,1,
,09:34:34,21368,21353,21364,8932,9,
,09:34:35,21368,21353,21364,8932,9,
,09:34:35,21368,21353,21364,8937,5,
,09:34:36,21368,21353,21364,8937,5,
,09:34:36,21368,21353,21364,8940,3,
,09:34:37,21368,21353,21364,8940,3,
,09:34:37,21368,21353,21365,8945,5,
,09:34:38,21368,21353,21366,8946,1,
,09:34:38,21369,21353,21367,8954,8,
,09:34:39,21370,21353,21368,8965,11,
,09:34:40,21370,21353,21368,8965,11,
,09:34:40,21370,21353,21367,8973,8,
,09:34:41,21370,21353,21369,8981,8,
,09:34:42,21370,21353,21369,8981,8,
,09:34:42,21370,21353,21370,8997,16,
,09:34:43,21374,21353,21374,9019,22,
,09:34:44,21377,21353,21375,9051,32,
,09:34:45,21379,21353,21377,9112,61,
,09:34:46,21379,21353,21377,9113,1,
,09:34:46,21379,21353,21377,9120,7,
,09:34:47,21379,21353,21377,9120,7,
,09:34:47,21379,21353,21378,9131,11,
,09:34:48,21379,21353,21379,9133,2,
,09:34:48,21380,21353,21377,9141,8,
,09:34:49,21380,21353,21375,9153,12,
,09:34:50,21380,21353,21376,9160,7,
,09:34:51,21380,21353,21376,9173,13,
,09:34:52,21380,21353,21376,9173,13,
,09:34:52,21380,21353,21376,9177,4,
,09:34:53,21380,21353,21373,9180,3,
,09:34:53,21380,21353,21377,9195,15,
,09:34:54,21380,21353,21377,9195,15,
,09:34:54,21380,21353,21376,9197,2,
,09:34:55,21380,21353,21377,9201,4,
,09:34:56,21380,21353,21374,9207,6,
,09:34:57,21380,21353,21376,9211,4,
,09:34:58,21380,21353,21377,9217,6,
,09:34:59,21380,21353,21377,9217,6,
,09:34:59,21380,21353,21378,9231,14,
,09:35:00,21377,21377,21377,9232,1,
,09:35:00,21379,21377,21379,9245,13,
,09:35:01,21379,21377,21378,9246,1,
,09:35:01,21383,21377,21383,9273,27,
,09:35:02,21384,21377,21381,9299,26,
,09:35:03,21384,21377,21383,9305,6,
,09:35:03,21384,21377,21381,9321,16,
,09:35:04,21384,21377,21381,9322,1,
,09:35:04,21384,21377,21382,9323,1,
,09:35:05,21384,21377,21380,9340,17,
,09:35:05,21384,21377,21378,9347,7,
,09:35:06,21384,21377,21378,9347,7,
,09:35:06,21384,21377,21379,9350,3,
,09:35:07,21384,21377,21379,9361,11,
,09:35:08,21384,21377,21379,9362,1,
,09:35:08,21384,21377,21380,9377,15,
,09:35:09,21384,21377,21377,9387,10,
,09:35:10,21384,21377,21379,9389,2,
,09:35:10,21384,21377,21381,9394,5,
,09:35:11,21384,21377,21379,9395,1,
,09:35:11,21384,21377,21379,9399,4,
,09:35:12,21384,21377,21380,9400,1,
,09:35:12,21384,21377,21380,9402,2,
,09:35:13,21384,21377,21378,9409,7,
,09:35:14,21384,21377,21380,9414,5,
,09:35:14,21384,21377,21380,9416,2,
,09:35:15,21384,21376,21377,9435,19,
,09:35:16,21384,21375,21377,9455,20,
,09:35:17,21384,21375,21378,9458,3,
,09:35:17,21384,21374,21378,9488,30,
,09:35:18,21384,21374,21375,9492,4,
,09:35:19,21384,21374,21376,9515,23,
,09:35:20,21384,21374,21376,9515,23,
,09:35:20,21384,21374,21376,9520,5,
,09:35:21,21384,21374,21376,9523,3,
,09:35:22,21384,21374,21377,9527,4,
,09:35:22,21384,21374,21379,9535,8,
,09:35:23,21384,21374,21378,9557,22,
,09:35:24,21384,21374,21378,9557,22,
,09:35:24,21384,21374,21377,9562,5,
,09:35:25,21384,21374,21378,9563,1,
,09:35:25,21384,21374,21380,9565,2,
,09:35:26,21384,21374,21381,9570,5,
,09:35:26,21384,21374,21379,9574,4,
,09:35:27,21384,21374,21379,9574,4,
,09:35:27,21384,21374,21381,9575,1,
,09:35:28,21384,21374,21381,9575,1,
,09:35:28,21384,21374,21380,9576,1,
,09:35:29,21384,21374,21380,9576,1,
,09:35:29,21384,21374,21381,9580,4,
,09:35:30,21384,21374,21381,9582,2,
,09:35:30,21384,21374,21382,9587,5,
,09:35:31,21384,21374,21382,9588,1,
,09:35:31,21384,21374,21383,9589,1,
,09:35:32,21384,21374,21383,9597,8,
,09:35:33,21384,21374,21383,9597,8,
,09:35:33,21384,21374,21383,9598,1,
,09:35:34,21384,21374,21383,9599,1,
,09:35:34,21384,21374,21383,9602,3,
,09:35:35,21385,21374,21384,9618,16,
,09:35:36,21387,21374,21386,9641,23,
,09:35:37,21387,21374,21385,9643,2,
,09:35:37,21388,21374,21388,9661,18,
,09:35:38,21388,21374,21388,9662,1,
,09:35:38,21388,21374,21386,9669,7,
,09:35:38,21388,21374,21387,9674,5,
,09:35:39,21388,21374,21388,9678,4,
,09:35:40,21388,21374,21387,9691,13,
,09:35:41,21388,21374,21387,9692,1,
,09:35:41,21388,21374,21385,9706,14,
,09:35:42,21388,21374,21387,9708,2,
,09:35:42,21388,21374,21387,9712,4,
,09:35:43,21388,21374,21388,9717,5,
,09:35:44,21388,21374,21388,9717,5,
,09:35:44,21389,21374,21389,9719,2,
,09:35:45,21392,21374,21391,9782,63,
,09:35:46,21393,21374,21390,9813,31,
,09:35:47,21393,21374,21393,9823,10,
,09:35:48,21393,21374,21393,9824,1,
,09:35:48,21393,21374,21392,9835,11,
,09:35:49,21393,21374,21391,9848,13,
,09:35:50,21393,21374,21390,9850,2,
,09:35:50,21393,21374,21392,9861,11,
,09:35:51,21393,21374,21389,9867,6,
,09:35:52,21393,21374,21389,9869,2,
,09:35:52,21393,21374,21390,9879,10,
,09:35:53,21393,21374,21392,9882,3,
,09:35:53,21394,21374,21393,9894,12,
,09:35:54,21394,21374,21393,9895,1,
,09:35:54,21395,21374,21395,9915,20,
,09:35:55,21396,21374,21396,9917,2,
,09:35:55,21397,21374,21392,9940,23,
,09:35:56,21397,21374,21391,9954,14,
,09:35:57,21397,21374,21391,9960,6,
,09:35:58,21397,21374,21392,9961,1,
,09:35:58,21397,21374,21393,9964,3,
,09:35:59,21397,21374,21393,9965,1,
,09:35:59,21397,21374,21396,9977,12,
,09:36:00,21396,21396,21396,9977,12,
,09:36:00,21396,21394,21395,9981,4,
,09:36:01,21396,21393,21393,9997,16,
,09:36:02,21396,21393,21393,9997,16,
,09:36:02,21396,21392,21393,10000,3,
,09:36:03,21396,21392,21392,10001,1,
,09:36:03,21396,21390,21390,10011,10,
,09:36:04,21396,21390,21391,10012,1,
,09:36:04,21396,21390,21392,10026,14,
,09:36:05,21396,21390,21392,10027,1,
,09:36:05,21396,21390,21392,10035,8,
,09:36:06,21396,21390,21393,10036,1,
,09:36:06,21396,21390,21394,10045,9,
,09:36:07,21396,21390,21394,10045,9,
,09:36:08,21396,21390,21392,10056,11,
,09:36:09,21396,21390,21392,10056,11,
,09:36:10,21396,21390,21392,10081,25,
,09:36:11,21396,21390,21392,10088,7,
,09:36:12,21396,21390,21392,10089,1,
,09:36:12,21396,21390,21392,10099,10,
,09:36:13,21396,21390,21390,10100,1,
,09:36:13,21396,21390,21392,10102,2,
,09:36:14,21396,21390,21391,10103,1,
,09:36:14,21396,21390,21392,10112,9,
,09:36:15,21396,21390,21390,10113,1,
,09:36:15,21396,21390,21391,10117,4,
,09:36:16,21396,21390,21390,10119,2,
,09:36:16,21396,21390,21391,10122,3,
,09:36:17,21396,21389,21389,10127,5,
,09:36:18,21396,21389,21389,10142,15,
,09:36:19,21396,21388,21388,10144,2,
,09:36:19,21396,21386,21391,10196,52,
,09:36:20,21396,21386,21391,10196,52,
,09:36:20,21396,21386,21389,10205,9,
,09:36:21,21396,21386,21389,10205,9,
,09:36:21,21396,21386,21389,10207,2,
,09:36:22,21396,21386,21388,10208,1,
,09:36:22,21396,21386,21388,10213,5,
,09:36:23,21396,21386,21388,10213,5,
,09:36:23,21396,21386,21391,10224,11,
,09:36:24,21396,21386,21390,10244,20,
,09:36:25,21396,21386,21390,10245,1,
,09:36:25,21396,21386,21389,10260,15,
,09:36:26,21396,21386,21389,10260,15,
,09:36:26,21396,21386,21392,10274,14,
,09:36:27,21396,21386,21392,10274,14,
,09:36:27,21396,21386,21389,10288,14,
,09:36:28,21396,21386,21389,10288,14,
,09:36:28,21396,21386,21390,10291,3,
,09:36:29,21396,21386,21392,10298,7,
,09:36:30,21396,21386,21393,10299,1,
,09:36:30,21396,21386,21394,10311,12,
,09:36:31,21396,21386,21394,10311,12,
,09:36:31,21396,21386,21396,10324,13,
,09:36:32,21396,21386,21396,10324,13,
,09:36:32,21399,21386,21397,10359,35,
,09:36:33,21399,21386,21398,10360,1,
,09:36:33,21399,21386,21398,10370,10,
,09:36:34,21399,21386,21398,10370,10,
,09:36:34,21399,21386,21396,10395,25,
,09:36:35,21399,21386,21396,10395,25,
,09:36:35,21400,21386,21399,10437,42,
,09:36:36,21400,21386,21396,10446,9,
,09:36:37,21400,21386,21395,10447,1,
,09:36:37,21400,21386,21396,10452,5,
,09:36:38,21400,21386,21396,10457,5,
,09:36:39,21400,21386,21399,10459,2,
,09:36:39,21400,21386,21399,10466,7,
,09:36:40,21401,21386,21400,10483,17,
,09:36:41,21401,21386,21397,10500,17,
,09:36:42,21401,21386,21396,10508,8,
,09:36:43,21401,21386,21396,10508,8,
,09:36:43,21401,21386,21398,10526,18,
,09:36:44,21401,21386,21401,10551,25,
,09:36:45,21402,21386,21402,10560,9,
,09:36:46,21406,21386,21405,10607,47,
,09:36:47,21407,21386,21407,10637,30,
,09:36:48,21408,21386,21406,10674,37,
,09:36:49,21408,21386,21407,10697,23,
,09:36:50,21408,21386,21407,10698,1,
,09:36:50,21408,21386,21405,10714,16,
,09:36:51,21410,21386,21409,10747,33,
,09:36:52,21417,21386,21415,10800,53,
,09:36:53,21417,21386,21415,10851,51,
,09:36:54,21417,21386,21408,10914,63,
,09:36:55,21417,21386,21410,10931,17,
,09:36:56,21417,21386,21410,10938,7,
,09:36:57,21417,21386,21410,10938,7,
,09:36:57,21417,21386,21410,10943,5,
,09:36:58,21417,21386,21409,10955,12,
,09:36:59,21417,21386,21409,10955,12,
,09:36:59,21417,21386,21411,10972,17,
,09:37:00,21409,21409,21409,10973,1,
,09:37:00,21410,21406,21408,11001,28,
,09:37:01,21411,21406,21411,11023,22,
,09:37:02,21411,21406,21411,11024,1,
,09:37:02,21414,21406,21411,11040,16,
,09:37:03,21414,21406,21411,11040,16,
,09:37:03,21414,21406,21410,11054,14,
,09:37:04,21414,21406,21412,11057,3,
,09:37:04,21414,21406,21413,11068,11,
,09:37:05,21414,21406,21411,11071,3,
,09:37:05,21414,21406,21411,11086,15,
,09:37:06,21414,21406,21411,11086,15,
,09:37:06,21414,21406,21412,11099,13,
,09:37:07,21414,21406,21412,11099,13,
,09:37:07,21415,21406,21414,11110,11,
,09:37:08,21415,21406,21414,11110,11,
,09:37:08,21417,21406,21417,11122,12,
,09:37:09,21417,21406,21417,11122,12,
,09:37:09,21418,21406,21417,11132,10,
,09:37:10,21418,21406,21414,11144,12,
,09:37:11,21418,21406,21416,11151,7,
,09:37:12,21418,21406,21417,11166,15,
,09:37:13,21418,21406,21417,11166,15,
,09:37:13,21418,21406,21413,11180,14,
,09:37:14,21418,21406,21412,11181,1,
,09:37:14,21418,21406,21413,11187,6,
,09:37:15,21418,21406,21411,11188,1,
,09:37:15,21418,21406,21410,11199,11,
,09:37:16,21418,21406,21408,11217,18,
,09:37:17,21418,21406,21408,11217,18,
,09:37:17,21418,21406,21410,11221,4,
,09:37:18,21418,21406,21412,11244,23,
,09:37:19,21418,21406,21412,11244,23,
,09:37:20,21418,21406,21412,11245,1,
,09:37:20,21418,21406,21413,11251,6,
,09:37:21,21418,21406,21414,11257,6,
,09:37:22,21418,21406,21415,11258,1,
,09:37:22,21418,21406,21413,11263,5,
,09:37:23,21418,21406,21413,11263,5,
,09:37:24,21418,21406,21412,11269,6,
,09:37:25,21418,21406,21411,11270,1,
,09:37:25,21418,21406,21412,11272,2,
,09:37:26,21418,21406,21411,11273,1,
,09:37:26,21418,21406,21411,11278,5,
,09:37:27,21418,21406,21410,11279,1,
,09:37:27,21418,21406,21412,11285,6,
,09:37:28,21418,21406,21412,11286,1,
,09:37:28,21418,21406,21413,11302,16,
,09:37:29,21418,21406,21411,11312,10,
,09:37:30,21418,21406,21411,11312,10,
,09:37:30,21418,21406,21413,11316,4,
,09:37:31,21418,21406,21413,11316,4,
,09:37:31,21418,21406,21413,11322,6,
,09:37:32,21418,21406,21412,11323,1,
,09:37:32,21418,21406,21412,11323,1,
,09:37:33,21418,21406,21412,11324,1,
,09:37:33,21418,21406,21415,11344,20,
,09:37:34,21418,21406,21414,11345,1,
,09:37:35,21418,21406,21414,11353,8,
,09:37:36,21418,21406,21414,11353,8,
,09:37:36,21418,21406,21413,11354,1,
,09:37:37,21418,21406,21413,11354,1,
,09:37:37,21418,21406,21409,11372,18,
,09:37:38,21418,21406,21408,11381,9,
,09:37:39,21418,21406,21408,11382,1,
,09:37:40,21418,21406,21409,11384,2,
,09:37:40,21418,21406,21410,11390,6,
,09:37:41,21418,21406,21410,11390,6,
,09:37:41,21418,21406,21408,11392,2,
,09:37:42,21418,21406,21409,11401,9,
,09:37:43,21418,21406,21409,11401,9,
,09:37:43,21418,21406,21408,11406,5,
,09:37:44,21418,21406,21408,11406,5,
,09:37:44,21418,21406,21410,11408,2,
,09:37:45,21418,21406,21410,11409,1,
,09:37:45,21418,21406,21409,11412,3,
,09:37:46,21418,21406,21409,11412,3,
,09:37:46,21418,21406,21411,11417,5,
,09:37:47,21418,21406,21410,11418,1,
,09:37:48,21418,21406,21410,11422,4,
,09:37:49,21418,21406,21410,11422,4,
,09:37:49,21418,21406,21411,11424,2,
,09:37:50,21418,21406,21411,11425,1,
,09:37:51,21418,21406,21410,11426,1,
,09:37:51,21418,21406,21410,11427,1,
,09:37:52,21418,21406,21410,11435,8,
,09:37:53,21418,21406,21411,11436,1,
,09:37:53,21418,21406,21411,11437,1,
,09:37:54,21418,21406,21411,11437,1,
,09:37:54,21418,21406,21412,11441,4,
,09:37:55,21418,21406,21413,11447,6,
,09:37:55,21418,21406,21414,11463,16,
,09:37:56,21418,21406,21414,11464,1,
,09:37:56,21418,21406,21415,11473,9,
,09:37:57,21418,21406,21415,11474,1,
,09:37:57,21418,21406,21414,11477,3,
,09:37:58,21418,21406,21415,11483,6,
,09:38:00,21414,21414,21414,11484,1,
,09:38:00,21415,21413,21413,11489,5,
,09:38:01,21415,21413,21414,11490,1,
,09:38:01,21415,21413,21413,11496,6,
,09:38:02,21415,21413,21413,11497,1,
,09:38:03,21415,21412,21412,11498,1,
,09:38:03,21415,21411,21411,11506,8,
,09:38:04,21415,21410,21410,11542,36,
,09:38:05,21415,21410,21412,11553,11,
,09:38:06,21415,21410,21412,11554,1,
,09:38:06,21415,21410,21411,11557,3,
,09:38:07,21415,21410,21414,11559,2,
,09:38:07,21415,21410,21413,11564,5,
,09:38:08,21415,21410,21413,11564,5,
,09:38:08,21415,21410,21413,11567,3,
,09:38:09,21415,21410,21414,11568,1,
,09:38:09,21416,21410,21415,11574,6,
,09:38:10,21416,21410,21414,11575,1,
,09:38:11,21416,21410,21414,11576,1,
,09:38:11,21416,21410,21414,11578,2,
,09:38:12,21416,21410,21414,11579,1,
,09:38:12,21416,21410,21414,11583,4,
,09:38:13,21416,21410,21414,11584,1,
,09:38:13,21417,21410,21415,11603,19,
,09:38:14,21417,21410,21415,11603,19,
,09:38:14,21417,21410,21415,11604,1,
,09:38:15,21417,21410,21414,11605,1,
,09:38:15,21417,21410,21412,11617,12,
,09:38:16,21417,21410,21410,11619,2,
,09:38:16,21417,21410,21411,11624,5,
,09:38:17,21417,21410,21411,11628,4,
,09:38:17,21417,21410,21413,11636,8,
,09:38:18,21417,21410,21410,11639,3,
,09:38:18,21417,21409,21410,11642,3,
,09:38:19,21417,21409,21409,11643,1,
,09:38:19,21417,21409,21409,11648,5,
,09:38:20,21417,21408,21408,11650,2,
,09:38:20,21417,21405,21406,11673,23,
,09:38:21,21417,21405,21408,11674,1,
,09:38:21,21417,21405,21407,11687,13,
,09:38:22,21417,21403,21404,11700,13,
,09:38:23,21417,21403,21404,11717,17,
,09:38:24,21417,21403,21404,11717,17,
,09:38:24,21417,21399,21399,11753,36,
,09:38:25,21417,21399,21401,11767,14,
,09:38:26,21417,21399,21402,11768,1,
,09:38:26,21417,21399,21403,11776,8,
,09:38:27,21417,21399,21402,11780,4,
,09:38:27,21417,21399,21405,11792,12,
,09:38:28,21417,21399,21405,11792,12,
,09:38:28,21417,21399,21405,11801,9,
,09:38:29,21417,21399,21405,11801,9,
,09:38:30,21417,21399,21405,11801,9,
,09:38:30,21417,21399,21409,11815,14,
,09:38:31,21417,21399,21409,11815,14,
,09:38:31,21417,21399,21405,11822,7,
,09:38:32,21417,21399,21405,11824,2,
,09:38:32,21417,21399,21402,11834,10,
,09:38:33,21417,21399,21402,11834,10,
,09:38:33,21417,21399,21402,11849,15,
,09:38:34,21417,21399,21401,11854,5,
,09:38:35,21417,21399,21400,11855,1,
,09:38:35,21417,21399,21399,11861,6,
,09:38:36,21417,21398,21401,11866,5,
,09:38:37,21417,21398,21400,11867,1,
,09:38:37,21417,21398,21400,11868,1,
,09:38:38,21417,21398,21400,11869,1,
,09:38:38,21417,21398,21399,11873,4,
,09:38:39,21417,21398,21400,11874,1,
,09:38:39,21417,21397,21397,11884,10,
,09:38:40,21417,21396,21398,11891,7,
,09:38:41,21417,21396,21398,11893,2,
,09:38:41,21417,21396,21400,11899,6,
,09:38:42,21417,21396,21400,11899,6,
,09:38:42,21417,21396,21401,11903,4,
,09:38:43,21417,21396,21400,11906,3,
,09:38:43,21417,21396,21398,11918,12,
,09:38:44,21417,21396,21398,11919,1,
,09:38:44,21417,21396,21396,11923,4,
,09:38:45,21417,21396,21396,11923,4,
,09:38:45,21417,21396,21398,11935,12,
,09:38:46,21417,21396,21400,11936,1,
,09:38:46,21417,21396,21398,11938,2,
,09:38:47,21417,21396,21398,11938,2,
,09:38:47,21417,21394,21394,11965,27,
,09:38:48,21417,21394,21394,11965,27,
,09:38:48,21417,21393,21394,11972,7,
,09:38:48,21417,21393,21393,11974,2,
,09:38:49,21417,21393,21393,11974,2,
,09:38:49,21417,21393,21394,11981,7,
,09:38:50,21417,21393,21394,11982,1,
,09:38:50,21417,21393,21396,11986,4,
,09:38:51,21417,21393,21396,11987,1,
,09:38:51,21417,21393,21396,11991,4,
,09:38:52,21417,21393,21396,11991,4,
,09:38:52,21417,21393,21397,11992,1,
,09:38:53,21417,21393,21397,11992,1,
,09:38:53,21417,21393,21400,12005,13,
,09:38:54,21417,21393,21400,12005,13,
,09:38:54,21417,21393,21401,12006,1,
,09:38:55,21417,21393,21399,12007,1,
,09:38:56,21417,21393,21400,12009,2,
,09:38:57,21417,21393,21400,12010,1,
,09:38:57,21417,21393,21400,12012,2,
,09:38:58,21417,21393,21400,12012,2,
,09:38:58,21417,21393,21400,12014,2,
,09:38:59,21417,21393,21400,12014,2,
,09:38:59,21417,21393,21401,12018,4,
,09:39:00,21403,21403,21403,12023,5,
,09:39:00,21404,21403,21403,12025,2,
,09:39:01,21404,21403,21403,12025,2,
,09:39:01,21404,21401,21401,12029,4,
,09:39:02,21404,21401,21402,12031,2,
,09:39:02,21404,21401,21403,12032,1,
,09:39:03,21404,21401,21403,12032,1,
,09:39:03,21404,21401,21401,12036,4,
,09:39:04,21404,21401,21401,12037,1,
,09:39:04,21404,21401,21402,12038,1,
,09:39:05,21404,21401,21402,12038,1,
,09:39:05,21404,21401,21401,12041,3,
,09:39:06,21404,21401,21401,12042,1,
,09:39:06,21404,21401,21401,12043,1,
,09:39:07,21404,21401,21402,12044,1,
,09:39:07,21404,21401,21402,12044,1,
,09:39:08,21404,21401,21404,12047,3,
,09:39:09,21404,21401,21402,12053,6,
,09:39:10,21404,21401,21402,12055,2,
,09:39:11,21404,21401,21404,12068,13,
,09:39:12,21404,21401,21404,12069,1,
,09:39:13,21404,21401,21404,12069,1,
,09:39:13,21404,21401,21402,12074,5,
,09:39:14,21404,21401,21404,12075,1,
,09:39:14,21407,21401,21406,12113,38,
,09:39:15,21408,21401,21407,12119,6,
,09:39:16,21408,21401,21407,12119,6,
,09:39:17,21408,21401,21406,12123,4,
,09:39:17,21408,21401,21407,12125,2,
,09:39:19,21408,21401,21406,12129,4,
,09:39:20,21408,21401,21406,12134,5,
,09:39:21,21408,21401,21406,12147,13,
,09:39:22,21408,21401,21405,12148,1,
,09:39:22,21408,21401,21406,12151,3,
,09:39:23,21408,21401,21406,12151,3,
,09:39:23,21408,21401,21404,12154,3,
,09:39:24,21408,21401,21404,12154,3,
,09:39:24,21408,21401,21408,12172,18,
,09:39:25,21408,21401,21408,12172,18,
,09:39:25,21411,21401,21411,12181,9,
,09:39:26,21411,21401,21410,12182,1,
,09:39:26,21411,21401,21410,12189,7,
,09:39:27,21411,21401,21409,12190,1,
,09:39:27,21411,21401,21408,12199,9,
,09:39:28,21411,21401,21408,12199,9,
,09:39:28,21411,21401,21406,12202,3,
,09:39:29,21411,21401,21406,12206,4,
,09:39:30,21411,21401,21407,12207,1,
,09:39:30,21411,21401,21408,12208,1,
,09:39:31,21411,21401,21408,12208,1,
,09:39:31,21411,21401,21409,12209,1,
,09:39:32,21411,21401,21409,12209,1,
,09:39:32,21411,21401,21410,12211,2,
,09:39:33,21411,21401,21410,12211,2,
,09:39:33,21411,21401,21410,12213,2,
,09:39:34,21411,21401,21411,12216,3,
,09:39:34,21411,21401,21411,12222,6,
,09:39:35,21411,21401,21411,12223,1,
,09:39:35,21411,21401,21411,12231,8,
,09:39:36,21411,21401,21409,12236,5,
,09:39:37,21411,21401,21408,12240,4,
,09:39:38,21411,21401,21409,12241,1,
,09:39:38,21411,21401,21410,12250,9,
,09:39:39,21411,21401,21410,12250,9,
,09:39:39,21411,21401,21409,12251,1,
,09:39:40,21411,21401,21409,12252,1,
,09:39:40,21411,21401,21411,12256,4,
,09:39:41,21411,21401,21411,12256,4,
,09:39:41,21413,21401,21413,12259,3,
,09:39:42,21413,21401,21413,12259,3,
,09:39:42,21413,21401,21412,12270,11,
,09:39:43,21413,21401,21411,12271,1,
,09:39:43,21413,21401,21409,12277,6,
,09:39:44,21413,21401,21409,12278,1,
,09:39:44,21413,21401,21408,12280,2,
,09:39:45,21413,21401,21408,12280,2,
,09:39:45,21413,21401,21408,12282,2,
,09:39:46,21413,21401,21408,12282,2,
,09:39:46,21413,21401,21405,12292,10,
,09:39:47,21413,21400,21400,12317,25,
,09:39:48,21413,21400,21401,12318,1,
,09:39:48,21413,21400,21402,12323,5,
,09:39:49,21413,21400,21401,12329,6,
,09:39:49,21413,21400,21400,12331,2,
,09:39:50,21413,21400,21403,12334,3,
,09:39:50,21413,21400,21405,12338,4,
,09:39:51,21413,21400,21405,12339,1,
,09:39:52,21413,21400,21404,12343,4,
,09:39:53,21413,21400,21404,12344,1,
,09:39:54,21413,21400,21404,12346,2,
,09:39:55,21413,21400,21404,12347,1,
,09:39:55,21413,21400,21405,12348,1,
,09:39:57,21413,21400,21404,12349,1,
,09:39:57,21413,21400,21403,12356,7,
,09:39:58,21413,21400,21403,12356,7,
,09:39:59,21413,21400,21404,12357,1,
,09:39:59,21413,21400,21404,12359,2,
,09:40:00,21405,21405,21405,12362,3,
,09:40:00,21408,21405,21408,12372,10,
,09:40:01,21409,21405,21406,12393,21,
,09:40:02,21409,21405,21408,12394,1,
,09:40:02,21409,21405,21406,12407,13,
,09:40:03,21409,21405,21406,12410,3,
,09:40:03,21409,21405,21409,12417,7,
,09:40:04,21409,21405,21409,12421,4,
,09:40:05,21409,21405,21408,12422,1,
,09:40:06,21409,21405,21407,12423,1,
,09:40:06,21409,21405,21407,12424,1,
,09:40:07,21409,21405,21407,12434,10,
,09:40:08,21409,21405,21407,12435,1,
,09:40:08,21409,21405,21409,12442,7,
,09:40:09,21409,21405,21409,12448,6,
,09:40:10,21409,21405,21409,12448,6,
,09:40:10,21410,21405,21410,12454,6,
,09:40:11,21411,21405,21411,12465,11,
,09:40:12,21411,21405,21410,12466,1,
,09:40:12,21411,21405,21410,12474,8,
,09:40:13,21411,21405,21409,12475,1,
,09:40:13,21411,21405,21408,12477,2,
,09:40:14,21411,21405,21408,12477,2,
,09:40:15,21411,21405,21408,12478,1,
,09:40:15,21411,21405,21410,12484,6,
,09:40:16,21411,21405,21408,12486,2,
,09:40:16,21411,21405,21410,12491,5,
,09:40:17,21411,21405,21410,12511,20,
,09:40:18,21411,21405,21409,12512,1,
,09:40:18,21411,21405,21409,12512,1,
,09:40:20,21413,21405,21411,12541,29,
,09:40:21,21413,21405,21411,12541,29,
,09:40:22,21413,21405,21411,12542,1,
,09:40:22,21413,21405,21411,12547,5,
,09:40:23,21413,21405,21411,12547,5,
,09:40:23,21413,21405,21411,12555,8,
,09:40:24,21413,21405,21411,12555,8,
,09:40:24,21413,21405,21410,12573,18,
,09:40:25,21413,21405,21411,12576,3,
,09:40:26,21413,21405,21411,12576,3,
,09:40:26,21414,21405,21414,12584,8,
,09:40:27,21418,21405,21418,12627,43,
,09:40:28,21425,21405,21425,12732,105,
,09:40:29,21425,21405,21423,12760,28,
,09:40:30,21425,21405,21424,12761,1,
,09:40:30,21425,21405,21423,12787,26,
,09:40:31,21425,21405,21423,12801,14,
,09:40:32,21425,21405,21421,12808,7,
,09:40:32,21425,21405,21417,12827,19,
,09:40:33,21425,21405,21416,12841,14,
,09:40:34,21425,21405,21416,12841,14,
,09:40:34,21425,21405,21410,12865,24,
,09:40:35,21425,21405,21409,12866,1,
,09:40:35,21425,21405,21413,12873,7,
,09:40:36,21425,21405,21413,12873,7,
,09:40:36,21425,21405,21412,12874,1,
,09:40:37,21425,21405,21413,12877,3,
,09:40:37,21425,21405,21414,12883,6,
,09:40:38,21425,21405,21414,12883,6,
,09:40:39,21425,21405,21413,12886,3,
,09:40:40,21425,21405,21415,12892,6,
,09:40:41,21425,21405,21418,12903,11,
,09:40:42,21425,21405,21420,12910,7,
,09:40:43,21425,21405,21420,12910,7,
,09:40:43,21425,21405,21419,12913,3,
,09:40:44,21425,21405,21419,12913,3,
,09:40:44,21425,21405,21421,12934,21,
,09:40:45,21425,21405,21421,12934,21,
,09:40:45,21425,21405,21421,12940,6,
,09:40:46,21425,21405,21422,12954,14,
,09:40:47,21425,21405,21422,12960,6,
,09:40:48,21425,21405,21422,12964,4,
,09:40:49,21425,21405,21422,12965,1,
,09:40:49,21425,21405,21424,12977,12,
,09:40:50,21425,21405,21421,12990,13,
,09:40:51,21425,21405,21422,12991,1,
,09:40:51,21425,21405,21424,13017,26,
,09:40:52,21427,21405,21427,13067,50,
,09:40:53,21427,21405,21427,13067,50,
,09:40:53,21433,21405,21431,13113,46,
,09:40:54,21438,21405,21437,13213,100,
,09:40:55,21439,21405,21439,13274,61,
,09:40:56,21439,21405,21438,13315,41,
,09:40:57,21443,21405,21440,13348,33,
,09:40:58,21443,21405,21435,13393,45,
,09:40:59,21443,21405,21435,13426,33,
,09:41:00,21435,21435,21435,13429,3,
,09:41:00,21440,21435,21440,13470,41,
,09:41:01,21442,21435,21439,13489,19,
,09:41:02,21442,21435,21437,13525,36,
,09:41:03,21442,21435,21438,13526,1,
,09:41:03,21442,21435,21438,13554,28,
,09:41:04,21442,21435,21440,13557,3,
,09:41:04,21444,21435,21444,13598,41,
,09:41:05,21445,21435,21445,13607,9,
,09:41:05,21445,21435,21444,13639,32,
,09:41:06,21448,21435,21447,13667,28,
,09:41:07,21449,21435,21449,13716,49,
,09:41:08,21450,21435,21449,13735,19,
,09:41:09,21450,21435,21447,13763,28,
,09:41:10,21450,21435,21449,13783,20,
,09:41:11,21450,21435,21449,13783,20,
,09:41:11,21450,21435,21449,13805,22,
,09:41:12,21450,21435,21448,13832,27,
,09:41:13,21450,21435,21448,13833,1,
,09:41:13,21450,21435,21445,13847,14,
,09:41:14,21450,21435,21446,13866,19,
,09:41:15,21450,21435,21446,13866,19,
,09:41:15,21450,21435,21448,13888,22,
,09:41:16,21450,21435,21448,13889,1,
,09:41:16,21450,21435,21447,13905,16,
,09:41:17,21450,21435,21445,13906,1,
,09:41:17,21450,21435,21444,13928,22,
,09:41:18,21450,21435,21444,13930,2,
,09:41:18,21450,21435,21442,13944,14,
,09:41:19,21450,21435,21442,13944,14,
,09:41:19,21450,21435,21439,13970,26,
,09:41:20,21450,21435,21439,13982,12,
,09:41:21,21450,21435,21437,14008,26,
,09:41:22,21450,21435,21435,14009,1,
,09:41:22,21450,21434,21436,14022,13,
,09:41:23,21450,21434,21436,14023,1,
,09:41:23,21450,21434,21435,14027,4,
,09:41:24,21450,21434,21434,14028,1,
,09:41:24,21450,21433,21434,14038,10,
,09:41:25,21450,21433,21434,14038,10,
,09:41:25,21450,21432,21432,14043,5,
,09:41:26,21450,21432,21436,14056,13,
,09:41:27,21450,21432,21436,14056,13,
,09:41:27,21450,21432,21435,14062,6,
,09:41:28,21450,21432,21435,14076,14,
,09:41:29,21450,21432,21436,14079,3,
,09:41:29,21450,21432,21436,14081,2,
,09:41:30,21450,21432,21436,14082,1,
,09:41:30,21450,21432,21436,14104,22,
,09:41:31,21450,21432,21435,14105,1,
,09:41:31,21450,21432,21436,14116,11,
,09:41:32,21450,21432,21436,14116,11,
,09:41:32,21450,21432,21434,14126,10,
,09:41:33,21450,21432,21434,14143,17,
,09:41:34,21450,21432,21433,14149,6,
,09:41:34,21450,21432,21433,14154,5,
,09:41:35,21450,21432,21433,14159,5,
,09:41:36,21450,21432,21432,14160,1,
,09:41:36,21450,21432,21434,14171,11,
,09:41:37,21450,21432,21434,14172,1,
,09:41:37,21450,21432,21434,14184,12,
,09:41:38,21450,21432,21436,14187,3,
,09:41:39,21450,21432,21435,14188,1,
,09:41:39,21450,21432,21439,14224,36,
,09:41:40,21450,21432,21438,14225,1,
,09:41:40,21450,21432,21438,14244,19,
,09:41:41,21450,21432,21438,14244,19,
,09:41:41,21450,21432,21438,14246,2,
,09:41:42,21450,21432,21439,14247,1,
,09:41:43,21450,21432,21436,14262,15,
,09:41:44,21450,21432,21436,14267,5,
,09:41:45,21450,21432,21436,14267,5,
,09:41:46,21450,21432,21436,14267,5,
,09:41:46,21450,21432,21439,14270,3,
,09:41:47,21450,21432,21440,14289,19,
,09:41:48,21450,21432,21440,14290,1,
,09:41:48,21450,21432,21440,14295,5,
,09:41:49,21450,21432,21441,14297,2,
,09:41:49,21450,21432,21442,14298,1,
,09:41:50,21450,21432,21440,14299,1,
,09:41:50,21450,21432,21438,14309,10,
,09:41:51,21450,21432,21438,14309,10,
,09:41:52,21450,21432,21439,14310,1,
,09:41:52,21450,21432,21438,14311,1,
,09:41:53,21450,21432,21439,14316,5,
,09:41:53,21450,21432,21440,14318,2,
,09:41:54,21450,21432,21441,14331,13,
,09:41:55,21450,21432,21441,14331,13,
,09:41:55,21450,21432,21442,14340,9,
,09:41:56,21450,21432,21442,14340,9,
,09:41:56,21450,21432,21442,14348,8,
,09:41:57,21450,21432,21442,14348,8,
,09:41:57,21450,21432,21446,14371,23,
,09:41:58,21450,21432,21445,14384,13,
,09:41:59,21450,21432,21446,14396,12,
,09:42:00,21447,21447,21447,14397,1,
,09:42:00,21447,21443,21443,14426,29,
,09:42:01,21447,21442,21442,14437,11,
,09:42:02,21447,21442,21444,14446,9,
,09:42:03,21447,21442,21443,14456,10,
,09:42:04,21447,21442,21442,14457,1,
,09:42:04,21447,21441,21443,14465,8,
,09:42:05,21447,21441,21442,14466,1,
,09:42:05,21447,21441,21444,14470,4,
,09:42:06,21447,21441,21444,14475,5,
,09:42:07,21447,21441,21447,14476,1,
,09:42:07,21448,21441,21448,14478,2,
,09:42:08,21448,21441,21446,14479,1,
,09:42:08,21449,21441,21449,14486,7,
,09:42:09,21449,21441,21449,14486,7,
,09:42:09,21456,21441,21453,14543,57,
,09:42:10,21456,21441,21454,14563,20,
,09:42:11,21456,21441,21454,14583,20,
,09:42:12,21456,21441,21454,14584,1,
,09:42:12,21456,21441,21452,14598,14,
,09:42:13,21456,21441,21455,14627,29,
,09:42:14,21456,21441,21455,14628,1,
,09:42:14,21456,21441,21454,14633,5,
,09:42:15,21456,21441,21454,14639,6,
,09:42:16,21456,21441,21454,14657,18,
,09:42:17,21456,21441,21451,14676,19,
,09:42:18,21456,21441,21453,14677,1,
,09:42:18,21456,21441,21452,14682,5,
,09:42:19,21456,21441,21453,14683,1,
,09:42:19,21456,21441,21454,14692,9,
,09:42:20,21456,21441,21453,14698,6,
,09:42:21,21456,21441,21456,14708,10,
,09:42:22,21456,21441,21456,14708,10,
,09:42:22,21458,21441,21456,14727,19,
,09:42:23,21458,21441,21456,14727,19,
,09:42:23,21458,21441,21458,14735,8,
,09:42:24,21458,21441,21458,14735,8,
,09:42:24,21458,21441,21456,14741,6,
,09:42:25,21458,21441,21456,14741,6,
,09:42:25,21458,21441,21453,14763,22,
,09:42:26,21458,21441,21453,14763,22,
,09:42:26,21458,21441,21454,14776,13,
,09:42:27,21458,21441,21454,14776,13,
,09:42:27,21458,21441,21455,14782,6,
,09:42:28,21458,21441,21455,14782,6,
,09:42:28,21458,21441,21454,14786,4,
,09:42:29,21458,21441,21452,14788,2,
,09:42:29,21458,21441,21451,14795,7,
,09:42:30,21458,21441,21450,14818,23,
,09:42:31,21458,21441,21450,14818,23,
,09:42:31,21458,21441,21449,14821,3,
,09:42:32,21458,21441,21449,14821,3,
,09:42:32,21458,21441,21452,14828,7,
,09:42:33,21458,21441,21451,14829,1,
,09:42:33,21458,21441,21453,14831,2,
,09:42:34,21458,21441,21453,14833,2,
,09:42:34,21458,21441,21454,14839,6,
,09:42:35,21458,21441,21453,14840,1,
,09:42:35,21458,21441,21454,14844,4,
,09:42:36,21458,21441,21454,14844,4,
,09:42:36,21458,21441,21456,14846,2,
,09:42:37,21458,21441,21456,14846,2,
,09:42:37,21458,21441,21451,14854,8,
,09:42:38,21458,21441,21451,14854,8,
,09:42:38,21458,21441,21449,14862,8,
,09:42:39,21458,21441,21449,14862,8,
,09:42:40,21458,21441,21451,14864,2,
,09:42:40,21458,21441,21455,14881,17,
,09:42:41,21458,21441,21455,14881,17,
,09:42:41,21458,21441,21455,14894,13,
,09:42:42,21458,21441,21456,14895,1,
,09:42:42,21458,21441,21457,14898,3,
,09:42:43,21458,21441,21457,14899,1,
,09:42:43,21458,21441,21455,14902,3,
,09:42:44,21458,21441,21455,14902,3,
,09:42:44,21458,21441,21457,14908,6,
,09:42:45,21458,21441,21456,14909,1,
,09:42:45,21458,21441,21457,14911,2,
,09:42:46,21458,21441,21457,14911,2,
,09:42:47,21458,21441,21458,14915,4,
,09:42:47,21459,21441,21457,14927,12,
,09:42:48,21459,21441,21456,14953,26,
,09:42:49,21459,21441,21456,14958,5,
,09:42:50,21459,21441,21456,14958,5,
,09:42:50,21459,21441,21452,14962,4,
,09:42:51,21459,21441,21454,14967,5,
,09:42:51,21459,21441,21454,14968,1,
,09:42:52,21459,21441,21455,14971,3,
,09:42:53,21459,21441,21455,14986,15,
,09:42:54,21459,21441,21455,14986,15,
,09:42:54,21459,21441,21457,14987,1,
,09:42:55,21459,21441,21457,14989,2,
,09:42:55,21459,21441,21457,14995,6,
,09:42:56,21459,21441,21457,14996,1,
,09:42:56,21459,21441,21458,15002,6,
,09:42:57,21459,21441,21459,15004,2,
,09:42:57,21459,21441,21458,15017,13,
,09:42:58,21459,21441,21458,15023,6,
,09:42:59,21459,21441,21458,15023,6,
,09:42:59,21459,21441,21454,15033,10,
,09:43:00,21452,21452,21452,15034,1,
,09:43:00,21454,21452,21454,15036,2,
,09:43:01,21457,21452,21456,15056,20,
,09:43:02,21457,21452,21456,15057,1,
,09:43:02,21457,21452,21453,15065,8,
,09:43:03,21457,21451,21452,15080,15,
,09:43:04,21457,21450,21450,15090,10,
,09:43:05,21457,21450,21450,15090,10,
,09:43:05,21457,21450,21451,15095,5,
,09:43:06,21457,21450,21450,15096,1,
,09:43:06,21457,21449,21450,15110,14,
,09:43:07,21457,21449,21451,15111,1,
,09:43:07,21457,21449,21449,15122,11,
,09:43:08,21457,21449,21450,15134,12,
,09:43:09,21457,21449,21450,15135,1,
,09:43:09,21457,21449,21449,15136,1,
,09:43:10,21457,21448,21448,15138,2,
,09:43:10,21457,21448,21448,15139,1,
,09:43:11,21457,21448,21448,15140,1,
,09:43:11,21457,21448,21450,15153,13,
,09:43:12,21457,21448,21449,15156,3,
,09:43:13,21457,21448,21449,15156,3,
,09:43:13,21457,21447,21447,15162,6,
,09:43:14,21457,21446,21446,15164,2,
,09:43:14,21457,21446,21447,15176,12,
,09:43:15,21457,21446,21446,15177,1,
,09:43:15,21457,21444,21447,15196,19,
,09:43:16,21457,21444,21446,15197,1,
,09:43:16,21457,21443,21443,15205,8,
,09:43:17,21457,21443,21444,15206,1,
,09:43:17,21457,21443,21443,15211,5,
,09:43:18,21457,21443,21443,15211,5,
,09:43:18,21457,21443,21443,15217,6,
,09:43:19,21457,21443,21445,15218,1,
,09:43:19,21457,21443,21444,15220,2,
,09:43:20,21457,21443,21443,15227,7,
,09:43:21,21457,21443,21443,15228,1,
,09:43:21,21457,21441,21441,15235,7,
,09:43:22,21457,21436,21440,15287,52,
,09:43:23,21457,21436,21441,15311,24,
,09:43:24,21457,21436,21442,15318,7,
,09:43:25,21457,21436,21442,15318,7,
,09:43:25,21457,21436,21444,15327,9,
,09:43:26,21457,21436,21443,15328,1,
,09:43:26,21457,21436,21445,15331,3,
,09:43:27,21457,21436,21442,15339,8,
,09:43:28,21457,21436,21442,15341,2,
,09:43:28,21457,21436,21440,15356,15,
,09:43:29,21457,21436,21438,15359,3,
,09:43:30,21457,21436,21437,15366,7,
,09:43:31,21457,21436,21436,15368,2,
,09:43:31,21457,21436,21436,15372,4,
,09:43:32,21457,21436,21436,15373,1,
,09:43:32,21457,21435,21435,15381,8,
,09:43:33,21457,21435,21435,15382,1,
,09:43:33,21457,21433,21436,15391,9,
,09:43:34,21457,21433,21436,15402,11,
,09:43:35,21457,21433,21436,15402,11,
,09:43:35,21457,21433,21437,15406,4,
,09:43:36,21457,21433,21438,15408,2,
,09:43:36,21457,21433,21439,15409,1,
,09:43:37,21457,21433,21439,15415,6,
,09:43:38,21457,21433,21439,15415,6,
,09:43:38,21457,21433,21435,15431,16,
,09:43:39,21457,21433,21435,15431,16,
,09:43:39,21457,21433,21437,15432,1,
,09:43:40,21457,21433,21438,15435,3,
,09:43:40,21457,21433,21437,15443,8,
,09:43:41,21457,21433,21437,15486,43,
,09:43:42,21457,21433,21437,15486,43,
,09:43:43,21457,21433,21438,15488,2,
,09:43:43,21457,21433,21437,15497,9,
,09:43:44,21457,21433,21435,15506,9,
,09:43:45,21457,21433,21434,15507,1,
,09:43:45,21457,21433,21436,15516,9,
,09:43:46,21457,21433,21436,15517,1,
,09:43:46,21457,21433,21437,15520,3,
,09:43:47,21457,21433,21438,15521,1,
,09:43:47,21457,21433,21435,15526,5,
,09:43:48,21457,21433,21436,15527,1,
,09:43:48,21457,21433,21434,15532,5,
,09:43:49,21457,21433,21436,15533,1,
,09:43:49,21457,21433,21435,15535,2,
,09:43:50,21457,21433,21437,15542,7,
,09:43:51,21457,21433,21438,15544,2,
,09:43:51,21457,21433,21438,15548,4,
,09:43:52,21457,21433,21440,15549,1,
,09:43:52,21457,21433,21441,15578,29,
,09:43:53,21457,21433,21441,15585,7,
,09:43:54,21457,21433,21439,15588,3,
,09:43:55,21457,21433,21438,15591,3,
,09:43:56,21457,21433,21438,15592,1,
,09:43:56,21457,21433,21439,15596,4,
,09:43:57,21457,21433,21440,15597,1,
,09:43:57,21457,21433,21440,15598,1,
,09:43:58,21457,21433,21441,15602,4,
,09:43:59,21457,21433,21442,15604,2,
,09:44:00,21438,21438,21438,15608,4,
,09:44:00,21438,21436,21436,15616,8,
,09:44:01,21438,21436,21436,15616,8,
,09:44:01,21439,21436,21437,15621,5,
,09:44:02,21439,21436,21439,15622,1,
,09:44:02,21439,21436,21439,15625,3,
,09:44:03,21440,21436,21439,15631,6,
,09:44:04,21440,21436,21437,15633,2,
,09:44:05,21440,21436,21436,15644,11,
,09:44:06,21440,21436,21437,15646,2,
,09:44:07,21440,21436,21436,15647,1,
,09:44:07,21440,21435,21436,15651,4,
,09:44:08,21440,21435,21436,15651,4,
,09:44:08,21440,21435,21435,15652,1,
,09:44:09,21440,21435,21435,15653,1,
,09:44:09,21440,21435,21435,15665,12,
,09:44:10,21440,21434,21437,15678,13,
,09:44:11,21440,21434,21436,15679,1,
,09:44:11,21440,21434,21438,15680,1,
,09:44:12,21440,21434,21437,15681,1,
,09:44:12,21440,21434,21436,15683,2,
,09:44:13,21440,21434,21436,15683,2,
,09:44:13,21440,21434,21436,15696,13,
,09:44:14,21440,21434,21436,15697,1,
,09:44:14,21440,21434,21437,15698,1,
,09:44:15,21440,21434,21436,15699,1,
,09:44:15,21440,21433,21433,15713,14,
,09:44:16,21440,21433,21434,15714,1,
,09:44:16,21440,21433,21434,15717,3,
,09:44:17,21440,21433,21435,15718,1,
,09:44:17,21440,21433,21434,15721,3,
,09:44:18,21440,21433,21434,15721,3,
,09:44:18,21440,21433,21434,15726,5,
,09:44:19,21440,21433,21436,15728,2,
,09:44:20,21440,21433,21437,15733,5,
,09:44:21,21440,21433,21437,15733,5,
,09:44:21,21440,21433,21436,15735,2,
,09:44:22,21440,21433,21440,15747,12,
,09:44:23,21441,21433,21441,15751,4,
,09:44:23,21442,21433,21441,15755,4,
,09:44:24,21443,21433,21443,15763,8,
,09:44:25,21443,21433,21443,15763,8,
,09:44:25,21443,21433,21443,15765,2,
,09:44:26,21443,21433,21443,15765,2,
,09:44:26,21446,21433,21446,15782,17,
,09:44:27,21446,21433,21446,15782,17,
,09:44:27,21447,21433,21446,15787,5,
,09:44:28,21447,21433,21446,15788,1,
,09:44:29,21447,21433,21443,15799,11,
,09:44:30,21447,21433,21441,15800,1,
,09:44:30,21447,21433,21444,15823,23,
,09:44:31,21447,21433,21444,15823,23,
,09:44:31,21447,21433,21440,15831,8,
,09:44:32,21447,21433,21440,15831,8,
,09:44:33,21447,21433,21439,15832,1,
,09:44:33,21447,21433,21441,15834,2,
,09:44:34,21447,21433,21440,15835,1,
,09:44:34,21447,21433,21441,15836,1,
,09:44:35,21447,21433,21441,15836,1,
,09:44:36,21447,21433,21441,15837,1,
,09:44:37,21447,21433,21441,15837,1,
,09:44:37,21447,21433,21442,15838,1,
,09:44:38,21447,21433,21442,15838,1,
,09:44:39,21447,21433,21442,15839,1,
,09:44:39,21447,21433,21441,15842,3,
,09:44:40,21447,21433,21441,15842,3,
,09:44:40,21447,21433,21440,15852,10,
,09:44:41,21447,21433,21442,15856,4,
,09:44:42,21447,21433,21442,15856,4,
,09:44:42,21447,21433,21441,15857,1,
,09:44:43,21447,21433,21441,15857,1,
,09:44:43,21447,21433,21442,15862,5,
,09:44:44,21447,21433,21442,15862,5,
,09:44:45,21447,21433,21440,15863,1,
,09:44:46,21447,21433,21443,15879,16,
,09:44:47,21447,21433,21442,15880,1,
,09:44:47,21447,21433,21442,15881,1,
,09:44:48,21447,21433,21442,15881,1,
,09:44:48,21447,21433,21439,15882,1,
,09:44:49,21447,21433,21439,15882,1,
,09:44:49,21447,21433,21439,15884,2,
,09:44:50,21447,21433,21439,15884,2,
,09:44:50,21447,21433,21440,15885,1,
,09:44:51,21447,21433,21440,15886,1,
,09:44:51,21447,21433,21439,15887,1,
,09:44:52,21447,21433,21441,15888,1,
,09:44:52,21447,21433,21440,15891,3,
,09:44:53,21447,21433,21439,15897,6,
,09:44:54,21447,21433,21440,15900,3,
,09:44:55,21447,21433,21440,15901,1,
,09:44:55,21447,21433,21441,15903,2,
,09:44:56,21447,21433,21441,15903,2,
,09:44:56,21447,21433,21442,15906,3,
,09:44:58,21447,21433,21441,15917,11,
,09:44:59,21447,21433,21441,15917,11,
,09:44:59,21447,21433,21442,15918,1,
,09:45:00,21442,21442,21442,15918,1,
,09:45:00,21448,21442,21448,15940,22,
,09:45:01,21450,21442,21448,15958,18,
,09:45:02,21452,21442,21452,15993,35,
,09:45:03,21452,21442,21450,15995,2,
,09:45:03,21452,21442,21450,16024,29,
,09:45:04,21452,21442,21449,16025,1,
,09:45:04,21452,21442,21450,16031,6,
,09:45:05,21452,21442,21450,16031,6,
,09:45:05,21452,21442,21450,16048,17,
,09:45:06,21452,21442,21448,16050,2,
,09:45:06,21453,21442,21453,16063,13,
,09:45:07,21453,21442,21451,16079,16,
,09:45:08,21453,21442,21451,16106,27,
,09:45:09,21453,21442,21453,16107,1,
,09:45:09,21456,21442,21456,16123,16,
,09:45:10,21464,21442,21464,16159,36,
,09:45:11,21465,21442,21465,16203,44,
,09:45:12,21465,21442,21460,16241,38,
,09:45:13,21465,21442,21460,16242,1,
,09:45:13,21465,21442,21459,16257,15,
,09:45:14,21465,21442,21460,16258,1,
,09:45:14,21465,21442,21459,16267,9,
,09:45:15,21465,21442,21459,16267,9,
,09:45:15,21465,21442,21458,16282,15,
,09:45:16,21465,21442,21458,16282,15,
,09:45:16,21465,21442,21459,16292,10,
,09:45:17,21465,21442,21458,16293,1,
,09:45:17,21465,21442,21459,16307,14,
,09:45:18,21465,21442,21454,16332,25,
,09:45:19,21465,21442,21454,16332,25,
,09:45:19,21465,21442,21455,16350,18,
