,09:14:00,21648,21648,21648,221,221,
,09:15:00,21650,21650,21650,222,1,
,09:15:00,21654,21643,21646,266,44,
,09:15:01,21654,21639,21639,314,48,
,09:15:02,21654,21639,21641,315,1,
,09:15:02,21654,21637,21637,324,9,
,09:15:03,21654,21633,21634,337,13,
,09:15:04,21654,21633,21633,339,2,
,09:15:04,21654,21633,21633,356,17,
,09:15:05,21654,21633,21635,357,1,
,09:15:05,21654,21629,21632,368,11,
,09:15:06,21654,21629,21632,368,11,
,09:15:06,21654,21628,21629,382,14,
,09:15:07,21654,21628,21635,420,38,
,09:15:08,21654,21628,21632,449,29,
,09:15:09,21654,21628,21636,486,37,
,09:15:10,21654,21628,21629,513,27,
,09:15:11,21654,21626,21635,540,27,
,09:15:12,21654,21626,21636,550,10,
,09:15:13,21654,21626,21639,551,1,
,09:15:13,21654,21626,21642,565,14,
,09:15:14,21654,21626,21642,566,1,
,09:15:14,21654,21626,21645,589,23,
,09:15:15,21654,21626,21645,591,2,
,09:15:15,21654,21626,21650,605,14,
,09:15:16,21654,21626,21650,605,14,
,09:15:16,21658,21626,21658,626,21,
,09:15:17,21660,21626,21660,627,1,
,09:15:17,21660,21626,21653,644,17,
,09:15:18,21660,21626,21653,644,17,
,09:15:18,21660,21626,21652,648,4,
,09:15:19,21660,21626,21652,649,1,
,09:15:19,21660,21626,21651,666,17,
,09:15:20,21660,21626,21651,667,1,
,09:15:20,21660,21626,21645,676,9,
,09:15:21,21660,21626,21646,677,1,
,09:15:21,21660,21626,21647,682,5,
,09:15:22,21660,21626,21647,686,4,
,09:15:23,21660,21626,21645,696,10,
,09:15:24,21660,21626,21645,697,1,
,09:15:24,21660,21626,21645,701,4,
,09:15:25,21660,21626,21645,702,1,
,09:15:25,21660,21626,21645,712,10,
,09:15:26,21660,21626,21642,713,1,
,09:15:27,21660,21626,21642,714,1,
,09:15:27,21660,21626,21644,715,1,
,09:15:28,21660,21626,21647,729,14,
,09:15:29,21660,21626,21647,730,1,
,09:15:29,21660,21626,21644,733,3,
,09:15:30,21660,21626,21649,754,21,
,09:15:31,21660,21626,21660,786,32,
,09:15:32,21660,21626,21660,787,1,
,09:15:32,21660,21626,21656,812,25,
,09:15:33,21660,21626,21655,813,1,
,09:15:33,21660,21626,21657,829,16,
,09:15:34,21660,21626,21655,830,1,
,09:15:34,21660,21626,21657,834,4,
,09:15:35,21660,21626,21655,835,1,
,09:15:35,21660,21626,21652,843,8,
,09:15:36,21660,21626,21652,843,8,
,09:15:37,21660,21626,21653,844,1,
,09:15:37,21660,21626,21649,855,11,
,09:15:38,21660,21626,21648,856,1,
,09:15:38,21660,21626,21650,857,1,
,09:15:39,21660,21626,21651,874,17,
,09:15:40,21660,21626,21652,876,2,
,09:15:40,21660,21626,21653,880,4,
,09:15:41,21660,21626,21654,883,3,
,09:15:42,21660,21626,21653,884,1,
,09:15:42,21660,21626,21653,886,2,
,09:15:43,21660,21626,21653,886,2,
,09:15:43,21660,21626,21656,892,6,
,09:15:44,21660,21626,21653,898,6,
,09:15:45,21660,21626,21653,898,6,
,09:15:45,21660,21626,21648,906,8,
,09:15:46,21660,21626,21648,907,1,
,09:15:47,21660,21626,21650,908,1,
,09:15:47,21660,21626,21647,909,1,
,09:15:48,21660,21626,21647,909,1,
,09:15:48,21660,21626,21653,915,6,
,09:15:50,21660,21626,21652,920,5,
,09:15:51,21660,21626,21648,933,13,
,09:15:52,21660,21626,21648,933,13,
,09:15:52,21660,21626,21647,943,10,
,09:15:53,21660,21626,21648,944,1,
,09:15:53,21660,21626,21647,946,2,
,09:15:54,21660,21626,21647,946,2,
,09:15:55,21660,21626,21647,954,8,
,09:15:56,21660,21626,21652,973,19,
,09:15:57,21660,21626,21652,973,19,
,09:15:58,21660,21626,21650,974,1,
,09:15:58,21660,21626,21652,976,2,
,09:15:59,21660,21626,21651,980,4,
,09:16:00,21651,21651,21651,980,4,
,09:16:00,21658,21651,21658,994,14,
,09:16:01,21658,21651,21658,994,14,
,09:16:01,21660,21651,21660,1004,10,
,09:16:02,21660,21649,21651,1017,13,
,09:16:03,21660,21649,21649,1024,7,
,09:16:04,21660,21649,21649,1024,7,
,09:16:04,21660,21649,21654,1029,5,
,09:16:05,21660,21649,21654,1029,5,
,09:16:05,21660,21649,21657,1031,2,
,09:16:06,21660,21649,21657,1033,2,
,09:16:06,21663,21649,21663,1039,6,
,09:16:07,21663,21649,21662,1042,3,
,09:16:07,21666,21649,21666,1053,11,
,09:16:08,21667,21649,21666,1070,17,
,09:16:09,21667,21649,21666,1070,17,
,09:16:09,21667,21649,21666,1081,11,
,09:16:10,21667,21649,21658,1101,20,
,09:16:11,21667,21649,21660,1112,11,
,09:16:12,21667,21649,21662,1119,7,
,09:16:13,21667,21649,21664,1120,1,
,09:16:13,21667,21649,21662,1121,1,
,09:16:14,21667,21649,21662,1121,1,
,09:16:14,21667,21649,21661,1122,1,
,09:16:15,21667,21649,21660,1127,5,
,09:16:16,21667,21649,21661,1128,1,
,09:16:16,21667,21649,21655,1135,7,
,09:16:17,21667,21649,21657,1148,13,
,09:16:18,21667,21649,21657,1148,13,
,09:16:18,21667,21649,21656,1150,2,
,09:16:19,21667,21649,21656,1150,2,
,09:16:19,21667,21649,21659,1152,2,
,09:16:20,21667,21649,21659,1152,2,
,09:16:20,21667,21649,21657,1153,1,
,09:16:21,21667,21649,21657,1153,1,
,09:16:21,21667,21649,21657,1156,3,
,09:16:22,21667,21649,21659,1161,5,
,09:16:23,21667,21649,21659,1161,5,
,09:16:23,21667,21649,21660,1163,2,
,09:16:24,21667,21649,21660,1163,2,
,09:16:24,21667,21649,21657,1165,2,
,09:16:25,21667,21649,21667,1187,22,
,09:16:26,21667,21649,21667,1188,1,
,09:16:26,21673,21649,21673,1207,19,
,09:16:27,21674,21649,21669,1214,7,
,09:16:28,21674,21649,21671,1215,1,
,09:16:28,21674,21649,21671,1217,2,
,09:16:29,21674,21649,21655,1239,22,
,09:16:30,21674,21649,21659,1252,13,
,09:16:31,21674,21649,21659,1252,13,
,09:16:31,21674,21649,21667,1254,2,
,09:16:32,21674,21649,21665,1271,17,
,09:16:33,21674,21649,21661,1277,6,
,09:16:34,21674,21649,21661,1277,6,
,09:16:34,21674,21649,21660,1281,4,
,09:16:35,21674,21649,21658,1286,5,
,09:16:36,21674,21649,21658,1286,5,
,09:16:36,21674,21649,21665,1295,9,
,09:16:37,21674,21649,21665,1295,9,
,09:16:38,21674,21649,21665,1295,9,
,09:16:38,21674,21649,21666,1298,3,
,09:16:39,21674,21649,21666,1298,3,
,09:16:40,21674,21649,21666,1299,1,
,09:16:40,21674,21649,21669,1308,9,
,09:16:41,21674,21649,21670,1310,2,
,09:16:41,21674,21649,21667,1312,2,
,09:16:42,21674,21649,21667,1312,2,
,09:16:42,21674,21649,21661,1326,14,
,09:16:43,21674,21649,21658,1337,11,
,09:16:44,21674,21649,21661,1339,2,
,09:16:45,21674,21649,21662,1340,1,
,09:16:45,21674,21649,21664,1342,2,
,09:16:46,21674,21649,21667,1350,8,
,09:16:47,21674,21649,21665,1352,2,
,09:16:47,21674,21649,21666,1354,2,
,09:16:50,21674,21649,21666,1354,2,
,09:16:50,21674,21649,21666,1357,3,
,09:16:52,21674,21649,21666,1357,3,
,09:16:52,21674,21649,21669,1367,10,
,09:16:53,21674,21649,21670,1369,2,
,09:16:53,21674,21649,21671,1371,2,
,09:16:54,21674,21649,21671,1371,2,
,09:16:54,21674,21649,21671,1376,5,
,09:16:55,21674,21649,21671,1376,5,
,09:16:55,21674,21649,21673,1382,6,
,09:16:56,21675,21649,21675,1383,1,
,09:16:56,21675,21649,21673,1389,6,
,09:16:57,21675,21649,21675,1390,1,
,09:16:57,21675,21649,21666,1406,16,
,09:16:58,21675,21649,21666,1407,1,
,09:16:58,21675,21649,21666,1408,1,
,09:16:59,21675,21649,21668,1413,5,
,09:17:00,21668,21668,21668,1413,5,
,09:17:00,21674,21668,21674,1420,7,
,09:17:01,21675,21668,21675,1421,1,
,09:17:01,21679,21668,21676,1434,13,
,09:17:02,21679,21668,21674,1447,13,
,09:17:03,21679,21668,21674,1447,13,
,09:17:03,21679,21668,21672,1455,8,
,09:17:04,21679,21668,21673,1461,6,
,09:17:05,21679,21668,21675,1462,1,
,09:17:05,21679,21668,21675,1466,4,
,09:17:06,21679,21668,21676,1480,14,
,09:17:07,21679,21668,21677,1491,11,
,09:17:08,21680,21668,21679,1502,11,
,09:17:09,21680,21668,21680,1507,5,
,09:17:10,21680,21668,21680,1507,5,
,09:17:10,21683,21668,21682,1517,10,
,09:17:11,21683,21668,21682,1518,1,
,09:17:11,21683,21668,21676,1527,9,
,09:17:12,21683,21668,21680,1537,10,
,09:17:13,21683,21668,21678,1538,1,
,09:17:13,21683,21668,21678,1539,1,
,09:17:14,21683,21668,21678,1539,1,
,09:17:14,21683,21668,21674,1541,2,
,09:17:15,21683,21668,21674,1542,1,
,09:17:15,21683,21668,21673,1550,8,
,09:17:16,21683,21668,21673,1550,8,
,09:17:16,21683,21668,21673,1551,1,
,09:17:17,21683,21668,21673,1551,1,
,09:17:17,21683,21668,21676,1562,11,
,09:17:18,21683,21668,21676,1563,1,
,09:17:19,21683,21668,21678,1565,2,
,09:17:19,21683,21668,21679,1574,9,
,09:17:20,21683,21668,21679,1575,1,
,09:17:20,21683,21668,21681,1577,2,
,09:17:21,21683,21668,21680,1578,1,
,09:17:21,21683,21668,21680,1579,1,
,09:17:22,21683,21668,21678,1584,5,
,09:17:23,21683,21668,21676,1590,6,
,09:17:24,21683,21668,21671,1596,6,
,09:17:25,21683,21668,21671,1596,6,
,09:17:25,21683,21668,21671,1599,3,
,09:17:26,21683,21668,21671,1599,3,
,09:17:26,21683,21668,21673,1600,1,
,09:17:27,21683,21668,21676,1603,3,
,09:17:28,21683,21668,21676,1605,2,
,09:17:28,21683,21668,21674,1606,1,
,09:17:29,21683,21668,21674,1606,1,
,09:17:30,21683,21668,21674,1606,1,
,09:17:32,21683,21668,21674,1606,1,
,09:17:32,21683,21668,21672,1608,2,
,09:17:33,21683,21668,21672,1609,1,
,09:17:33,21683,21668,21676,1621,12,
,09:17:34,21683,21668,21675,1622,1,
,09:17:34,21683,21668,21673,1623,1,
,09:17:35,21683,21668,21673,1625,2,
,09:17:35,21683,21668,21672,1626,1,
,09:17:36,21683,21668,21672,1626,1,
,09:17:37,21683,21668,21672,1628,2,
,09:17:38,21683,21668,21672,1628,2,
,09:17:39,21683,21668,21672,1630,2,
,09:17:40,21683,21668,21676,1641,11,
,09:17:41,21683,21668,21676,1641,11,
,09:17:42,21683,21668,21675,1642,1,
,09:17:42,21683,21668,21674,1643,1,
,09:17:43,21683,21668,21676,1649,6,
,09:17:44,21683,21668,21676,1649,6,
,09:17:45,21683,21668,21676,1649,6,
,09:17:46,21683,21668,21674,1650,1,
,09:17:46,21683,21668,21671,1656,6,
,09:17:47,21683,21668,21671,1656,6,
,09:17:47,21683,21668,21671,1657,1,
,09:17:48,21683,21668,21671,1658,1,
,09:17:48,21683,21668,21674,1665,7,
,09:17:49,21683,21668,21673,1666,1,
,09:17:49,21683,21668,21672,1668,2,
,09:17:50,21683,21668,21672,1668,2,
,09:17:51,21683,21668,21673,1669,1,
,09:17:52,21683,21668,21673,1669,1,
,09:17:52,21683,21668,21672,1671,2,
,09:17:53,21683,21668,21672,1671,2,
,09:17:54,21683,21668,21669,1677,6,
,09:17:55,21683,21668,21670,1678,1,
,09:17:55,21683,21668,21669,1680,2,
,09:17:56,21683,21668,21669,1680,2,
,09:17:56,21683,21668,21668,1683,3,
,09:17:57,21683,21668,21669,1684,1,
,09:17:57,21683,21668,21672,1692,8,
,09:17:58,21683,21668,21672,1692,8,
,09:17:59,21683,21668,21672,1692,8,
,09:17:59,21683,21668,21673,1693,1,
,09:18:00,21673,21673,21673,1694,1,
,09:18:00,21673,21670,21670,1698,4,
,09:18:01,21673,21670,21670,1698,4,
,09:18:01,21673,21669,21669,1700,2,
,09:18:02,21673,21669,21671,1701,1,
,09:18:02,21673,21669,21672,1705,4,
,09:18:03,21673,21669,21672,1705,4,
,09:18:03,21673,21669,21671,1709,4,
,09:18:04,21673,21669,21670,1710,1,
,09:18:05,21673,21669,21670,1710,1,
,09:18:05,21673,21669,21673,1712,2,
,09:18:06,21673,21669,21673,1712,2,
,09:18:06,21674,21669,21672,1715,3,
,09:18:07,21674,21669,21673,1717,2,
,09:18:07,21674,21669,21674,1718,1,
,09:18:09,21674,21669,21673,1725,7,
,09:18:11,21681,21669,21680,1779,54,
,09:18:12,21681,21669,21680,1779,54,
,09:18:12,21681,21669,21679,1784,5,
,09:18:13,21681,21669,21677,1785,1,
,09:18:13,21681,21669,21673,1788,3,
,09:18:14,21681,21669,21673,1788,3,
,09:18:14,21681,21669,21671,1800,12,
,09:18:15,21681,21669,21671,1800,12,
,09:18:15,21681,21669,21671,1803,3,
,09:18:16,21681,21669,21672,1804,1,
,09:18:17,21681,21669,21672,1805,1,
,09:18:18,21681,21669,21672,1805,1,
,09:18:19,21681,21669,21673,1807,2,
,09:18:22,21681,21669,21674,1808,1,
,09:18:22,21681,21669,21674,1808,1,
,09:18:23,21681,21669,21673,1809,1,
,09:18:23,21681,21669,21672,1812,3,
,09:18:24,21681,21669,21670,1815,3,
,09:18:26,21681,21669,21670,1815,3,
,09:18:27,21681,21669,21670,1816,1,
,09:18:28,21681,21667,21668,1831,15,
,09:18:29,21681,21667,21667,1843,12,
,09:18:30,21681,21667,21667,1843,12,
,09:18:30,21681,21667,21667,1845,2,
,09:18:31,21681,21667,21667,1845,2,
,09:18:31,21681,21667,21667,1846,1,
,09:18:32,21681,21667,21667,1846,1,
,09:18:33,21681,21667,21668,1847,1,
,09:18:33,21681,21667,21668,1849,2,
,09:18:34,21681,21667,21668,1849,2,
,09:18:34,21681,21667,21668,1849,2,
,09:18:35,21681,21666,21666,1856,7,
,09:18:36,21681,21666,21666,1856,7,
,09:18:36,21681,21666,21666,1857,1,
,09:18:37,21681,21666,21666,1857,1,
,09:18:37,21681,21663,21663,1875,18,
,09:18:38,21681,21663,21663,1875,18,
,09:18:38,21681,21662,21662,1881,6,
,09:18:39,21681,21661,21661,1882,1,
,09:18:39,21681,21661,21663,1887,5,
,09:18:40,21681,21661,21663,1887,5,
,09:18:40,21681,21661,21662,1888,1,
,09:18:41,21681,21661,21663,1889,1,
,09:18:41,21681,21661,21665,1894,5,
,09:18:42,21681,21661,21665,1894,5,
,09:18:42,21681,21661,21663,1896,2,
,09:18:43,21681,21661,21665,1897,1,
,09:18:43,21681,21661,21665,1898,1,
,09:18:44,21681,21661,21665,1898,1,
,09:18:44,21681,21661,21666,1900,2,
,09:18:45,21681,21661,21666,1900,2,
,09:18:45,21681,21661,21666,1910,10,
,09:18:46,21681,21661,21665,1926,16,
,09:18:47,21681,21661,21665,1926,16,
,09:18:48,21681,21661,21666,1927,1,
,09:18:49,21681,21661,21666,1928,1,
,09:18:50,21681,21661,21666,1928,1,
,09:18:50,21681,21661,21666,1929,1,
,09:18:51,21681,21661,21666,1929,1,
,09:18:51,21681,21661,21665,1931,2,
,09:18:52,21681,21661,21665,1931,2,
,09:18:52,21681,21661,21665,1932,1,
,09:18:53,21681,21661,21665,1932,1,
,09:18:53,21681,21661,21664,1934,2,
,09:18:54,21681,21661,21664,1934,2,
,09:18:55,21681,21661,21665,1935,1,
,09:18:55,21681,21661,21664,1936,1,
,09:18:56,21681,21661,21664,1936,1,
,09:18:56,21681,21661,21664,1939,3,
,09:18:57,21681,21661,21665,1941,2,
,09:18:57,21681,21661,21665,1943,2,
,09:18:58,21681,21661,21666,1944,1,
,09:18:59,21681,21661,21666,1944,1,
,09:18:59,21681,21661,21666,1945,1,
,09:19:00,21666,21666,21666,1945,1,
,09:19:00,21667,21664,21664,1951,6,
,09:19:01,21667,21664,21664,1951,6,
,09:19:02,21667,21664,21664,1952,1,
,09:19:03,21667,21662,21662,1953,1,
,09:19:04,21667,21662,21662,1953,1,
,09:19:04,21667,21662,21663,1954,1,
,09:19:05,21667,21662,21663,1956,2,
,09:19:06,21667,21662,21663,1957,1,
,09:19:06,21667,21662,21663,1957,1,
,09:19:07,21667,21662,21663,1957,1,
,09:19:07,21667,21662,21663,1958,1,
,09:19:08,21667,21662,21663,1958,1,
,09:19:09,21667,21662,21662,1959,1,
,09:19:10,21667,21662,21665,1966,7,
,09:19:11,21667,21662,21664,1967,1,
,09:19:11,21667,21662,21665,1971,4,
,09:19:12,21667,21662,21665,1971,4,
,09:19:12,21668,21662,21666,1978,7,
,09:19:13,21668,21662,21666,1979,1,
,09:19:14,21668,21662,21668,1984,5,
,09:19:15,21668,21662,21668,1984,5,
,09:19:15,21670,21662,21667,1997,13,
,09:19:16,21670,21662,21667,2004,7,
,09:19:18,21670,21662,21668,2012,8,
,09:19:19,21670,21662,21667,2013,1,
,09:19:20,21670,21662,21667,2013,1,
,09:19:20,21670,21662,21670,2018,5,
,09:19:22,21670,21662,21670,2018,5,
,09:19:22,21670,21662,21670,2018,5,
,09:19:23,21670,21662,21669,2019,1,
,09:19:23,21670,21662,21668,2020,1,
,09:19:24,21670,21662,21670,2021,1,
,09:19:25,21670,21662,21670,2021,1,
,09:19:26,21671,21662,21671,2022,1,
,09:19:27,21671,21662,21671,2022,1,
,09:19:27,21671,21662,21671,2028,6,
,09:19:28,21671,21662,21671,2028,6,
,09:19:28,21672,21662,21671,2040,12,
,09:19:29,21673,21662,21672,2047,7,
,09:19:30,21673,21662,21671,2048,1,
,09:19:30,21673,21662,21672,2049,1,
,09:19:31,21673,21662,21672,2051,2,
,09:19:32,21673,21662,21671,2052,1,
,09:19:32,21673,21662,21670,2055,3,
,09:19:33,21673,21662,21667,2058,3,
,09:19:34,21673,21662,21665,2063,5,
,09:19:35,21673,21662,21665,2066,3,
,09:19:35,21673,21662,21666,2067,1,
,09:19:36,21673,21662,21666,2067,1,
,09:19:36,21673,21662,21667,2069,2,
,09:19:37,21673,21662,21668,2072,3,
,09:19:41,21673,21662,21665,2073,1,
,09:19:41,21673,21662,21667,2075,2,
,09:19:42,21673,21662,21667,2075,2,
,09:19:42,21673,21662,21667,2076,1,
,09:19:43,21673,21662,21667,2076,1,
,09:19:45,21673,21662,21668,2077,1,
,09:19:45,21673,21662,21666,2079,2,
,09:19:46,21673,21662,21666,2079,2,
,09:19:46,21673,21662,21668,2081,2,
,09:19:47,21673,21662,21668,2081,2,
,09:19:48,21673,21662,21667,2088,7,
,09:19:49,21673,21662,21667,2088,7,
,09:19:51,21673,21662,21666,2089,1,
,09:19:52,21673,21662,21666,2090,1,
,09:19:52,21673,21662,21666,2099,9,
,09:19:53,21673,21662,21666,2099,9,
,09:19:54,21673,21662,21667,2100,1,
,09:19:55,21673,21662,21665,2101,1,
,09:19:56,21673,21662,21665,2101,1,
,09:19:56,21673,21662,21665,2101,1,
,09:19:57,21673,21662,21665,2101,1,
,09:19:58,21673,21662,21665,2101,1,
,09:19:58,21673,21662,21666,2104,3,
,09:19:59,21673,21662,21672,2121,17,
,09:20:00,21672,21672,21672,2121,17,
,09:20:00,21678,21670,21674,2163,42,
,09:20:01,21678,21670,21671,2175,12,
,09:20:02,21678,21667,21668,2191,16,
,09:20:03,21678,21667,21668,2191,16,
,09:20:03,21678,21667,21671,2201,10,
,09:20:04,21678,21667,21671,2201,10,
,09:20:04,21678,21667,21672,2209,8,
,09:20:05,21678,21667,21672,2209,8,
,09:20:05,21678,21667,21671,2212,3,
,09:20:06,21678,21667,21671,2212,3,
,09:20:06,21678,21667,21671,2212,3,
,09:20:07,21678,21667,21671,2212,3,
,09:20:08,21678,21667,21671,2212,3,
,09:20:08,21678,21667,21672,2216,4,
,09:20:09,21678,21667,21672,2216,4,
,09:20:09,21678,21667,21673,2221,5,
,09:20:10,21678,21667,21673,2221,5,
,09:20:11,21678,21667,21673,2221,5,
,09:20:11,21678,21667,21674,2223,2,
,09:20:12,21679,21667,21679,2232,9,
,09:20:13,21680,21667,21680,2236,4,
,09:20:14,21680,21667,21680,2236,4,
,09:20:14,21681,21667,21680,2244,8,
,09:20:15,21681,21667,21681,2245,1,
,09:20:15,21682,21667,21682,2248,3,
,09:20:16,21684,21667,21683,2260,12,
,09:20:17,21684,21667,21682,2261,1,
,09:20:17,21686,21667,21683,2286,25,
,09:20:18,21686,21667,21683,2286,25,
,09:20:18,21686,21667,21683,2290,4,
,09:20:19,21686,21667,21683,2290,4,
,09:20:19,21686,21667,21683,2303,13,
,09:20:20,21686,21667,21680,2310,7,
,09:20:21,21686,21667,21681,2315,5,
,09:20:22,21686,21667,21683,2322,7,
,09:20:23,21686,21667,21683,2324,2,
,09:20:24,21686,21667,21683,2327,3,
,09:20:25,21688,21667,21687,2344,17,
,09:20:26,21688,21667,21687,2344,17,
,09:20:26,21688,21667,21688,2347,3,
,09:20:27,21688,21667,21688,2347,3,
,09:20:27,21689,21667,21689,2370,23,
,09:20:28,21689,21667,21689,2371,1,
,09:20:28,21689,21667,21683,2391,20,
,09:20:29,21689,21667,21682,2392,1,
,09:20:29,21689,21667,21682,2396,4,
,09:20:30,21689,21667,21682,2401,5,
,09:20:31,21689,21667,21681,2402,1,
,09:20:32,21689,21667,21681,2405,3,
,09:20:32,21689,21667,21681,2406,1,
,09:20:34,21689,21667,21680,2409,3,
,09:20:35,21689,21667,21679,2410,1,
,09:20:35,21689,21667,21681,2412,2,
,09:20:36,21689,21667,21679,2416,4,
,09:20:37,21689,21667,21680,2418,2,
,09:20:38,21689,21667,21680,2419,1,
,09:20:39,21689,21667,21680,2426,7,
,09:20:40,21689,21667,21680,2426,7,
,09:20:41,21689,21667,21679,2430,4,
,09:20:42,21689,21667,21678,2432,2,
,09:20:43,21689,21667,21678,2433,1,
,09:20:43,21689,21667,21678,2434,1,
,09:20:44,21689,21667,21677,2435,1,
,09:20:45,21689,21667,21679,2439,4,
,09:20:46,21689,21667,21679,2439,4,
,09:20:47,21689,21667,21679,2439,4,
,09:20:48,21689,21667,21681,2440,1,
,09:20:49,21689,21667,21682,2444,4,
,09:20:50,21689,21667,21682,2445,1,
,09:20:50,21689,21667,21684,2457,12,
,09:20:51,21689,21667,21682,2458,1,
,09:20:51,21689,21667,21682,2459,1,
,09:20:52,21689,21667,21682,2459,1,
,09:20:53,21689,21667,21684,2460,1,
,09:20:54,21689,21667,21685,2461,1,
,09:20:54,21689,21667,21685,2462,1,
,09:20:55,21689,21667,21685,2462,1,
,09:20:55,21689,21667,21685,2468,6,
,09:20:56,21689,21667,21685,2469,1,
,09:20:56,21689,21667,21683,2472,3,
,09:20:57,21689,21667,21682,2474,2,
,09:20:57,21689,21667,21686,2478,4,
,09:20:58,21689,21667,21687,2479,1,
,09:20:59,21689,21667,21685,2480,1,
,09:20:59,21689,21667,21685,2482,2,
,09:21:00,21685,21685,21685,2482,2,
,09:21:00,21685,21684,21684,2483,1,
,09:21:01,21685,21684,21684,2484,1,
,09:21:01,21687,21684,21686,2497,13,
,09:21:02,21687,21684,21685,2498,1,
,09:21:02,21687,21684,21685,2504,6,
,09:21:03,21687,21684,21684,2509,5,
,09:21:04,21687,21684,21685,2511,2,
,09:21:04,21687,21683,21684,2515,4,
,09:21:05,21687,21683,21685,2516,1,
,09:21:05,21687,21682,21682,2518,2,
,09:21:06,21687,21682,21686,2527,9,
,09:21:07,21687,21682,21686,2528,1,
,09:21:07,21687,21682,21683,2536,8,
,09:21:08,21687,21682,21683,2536,8,
,09:21:08,21687,21681,21681,2538,2,
,09:21:09,21687,21681,21681,2538,2,
,09:21:10,21687,21681,21681,2539,1,
,09:21:10,21687,21680,21680,2541,2,
,09:21:11,21687,21680,21680,2541,2,
,09:21:11,21687,21680,21680,2542,1,
,09:21:12,21687,21680,21680,2542,1,
,09:21:12,21687,21680,21680,2545,3,
,09:21:14,21687,21680,21681,2546,1,
,09:21:17,21687,21680,21680,2547,1,
,09:21:17,21687,21680,21682,2548,1,
,09:21:18,21687,21680,21682,2548,1,
,09:21:19,21687,21680,21683,2553,5,
,09:21:19,21687,21680,21683,2553,5,
,09:21:20,21687,21680,21686,2560,7,
,09:21:21,21687,21680,21684,2561,1,
,09:21:21,21687,21680,21685,2566,5,
,09:21:22,21687,21680,21685,2567,1,
,09:21:22,21687,21680,21685,2571,4,
,09:21:23,21687,21680,21685,2571,4,
,09:21:23,21692,21680,21690,2619,48,
,09:21:24,21693,21680,21691,2644,25,
,09:21:25,21695,21680,21691,2675,31,
,09:21:26,21695,21680,21690,2684,9,
,09:21:27,21695,21680,21691,2686,2,
,09:21:27,21695,21680,21691,2696,10,
,09:21:28,21695,21680,21691,2696,10,
,09:21:28,21695,21680,21688,2699,3,
,09:21:29,21695,21680,21688,2700,1,
,09:21:30,21695,21680,21688,2702,2,
,09:21:31,21695,21680,21689,2711,9,
,09:21:32,21695,21680,21689,2713,2,
,09:21:32,21695,21680,21687,2720,7,
,09:21:33,21695,21680,21687,2720,7,
,09:21:33,21695,21680,21685,2721,1,
,09:21:34,21695,21680,21685,2721,1,
,09:21:34,21695,21680,21684,2728,7,
,09:21:35,21695,21680,21684,2728,7,
,09:21:36,21695,21680,21687,2729,1,
,09:21:36,21695,21680,21685,2732,3,
,09:21:37,21695,21680,21685,2732,3,
,09:21:37,21695,21680,21685,2732,3,
,09:21:38,21695,21680,21685,2732,3,
,09:21:38,21695,21680,21683,2733,1,
,09:21:39,21695,21680,21682,2734,1,
,09:21:39,21695,21680,21683,2739,5,
,09:21:40,21695,21680,21683,2739,5,
,09:21:40,21695,21680,21682,2740,1,
,09:21:41,21695,21680,21684,2741,1,
,09:21:42,21695,21680,21684,2741,1,
,09:21:42,21695,21680,21683,2743,2,
,09:21:43,21695,21680,21683,2743,2,
,09:21:43,21695,21680,21683,2744,1,
,09:21:44,21695,21680,21682,2745,1,
,09:21:44,21695,21680,21684,2746,1,
,09:21:45,21695,21680,21684,2746,1,
,09:21:46,21695,21680,21683,2747,1,
,09:21:47,21695,21680,21683,2747,1,
,09:21:48,21695,21680,21683,2747,1,
,09:21:48,21695,21680,21682,2749,2,
,09:21:49,21695,21680,21682,2749,2,
,09:21:50,21695,21680,21680,2757,8,
,09:21:51,21695,21680,21680,2757,8,
,09:21:51,21695,21680,21680,2759,2,
,09:21:52,21695,21680,21680,2759,2,
,09:21:52,21695,21679,21680,2769,10,
,09:21:53,21695,21679,21680,2769,10,
,09:21:53,21695,21678,21678,2771,2,
,09:21:54,21695,21678,21678,2771,2,
,09:21:54,21695,21678,21678,2772,1,
,09:21:55,21695,21678,21680,2776,4,
,09:21:56,21695,21678,21681,2778,2,
,09:21:57,21695,21678,21681,2778,2,
,09:21:58,21695,21678,21682,2779,1,
,09:21:59,21695,21678,21683,2782,3,
,09:21:59,21695,21678,21685,2787,5,
,09:22:00,21685,21685,21685,2787,5,
,09:22:00,21685,21685,21685,2790,3,
,09:22:01,21685,21684,21684,2791,1,
,09:22:01,21685,21683,21684,2796,5,
,09:22:02,21685,21683,21684,2796,5,
,09:22:02,21685,21683,21684,2798,2,
,09:22:03,21685,21683,21684,2798,2,
,09:22:03,21686,21683,21686,2799,1,
,09:22:04,21686,21683,21686,2799,1,
,09:22:04,21686,21683,21683,2804,5,
,09:22:05,21686,21683,21683,2804,5,
,09:22:05,21686,21683,21683,2804,5,
,09:22:07,21686,21683,21683,2804,5,
,09:22:07,21686,21682,21683,2806,2,
,09:22:08,21686,21681,21681,2807,1,
,09:22:09,21686,21678,21678,2809,2,
,09:22:10,21686,21678,21678,2809,2,
,09:22:10,21686,21678,21678,2814,5,
,09:22:11,21686,21678,21678,2814,5,
,09:22:11,21686,21678,21679,2817,3,
,09:22:12,21686,21678,21679,2817,3,
,09:22:12,21686,21676,21678,2825,8,
,09:22:13,21686,21676,21679,2833,8,
,09:22:14,21686,21676,21678,2834,1,
,09:22:14,21686,21676,21678,2835,1,
,09:22:15,21686,21676,21678,2840,5,
,09:22:16,21686,21676,21678,2840,5,
,09:22:16,21686,21676,21677,2841,1,
,09:22:17,21686,21676,21677,2841,1,
,09:22:18,21686,21676,21677,2842,1,
,09:22:19,21686,21676,21677,2842,1,
,09:22:19,21686,21676,21679,2845,3,
,09:22:20,21686,21676,21677,2847,2,
,09:22:21,21686,21676,21677,2847,2,
,09:22:21,21686,21676,21679,2849,2,
,09:22:22,21686,21676,21680,2851,2,
,09:22:23,21686,21676,21680,2851,2,
,09:22:23,21686,21676,21680,2851,2,
,09:22:24,21686,21676,21678,2852,1,
,09:22:25,21686,21676,21681,2853,1,
,09:22:25,21686,21676,21681,2853,1,
,09:22:27,21686,21676,21681,2854,1,
,09:22:28,21686,21676,21681,2854,1,
,09:22:28,21686,21676,21681,2856,2,
,09:22:29,21686,21676,21681,2857,1,
,09:22:29,21686,21676,21681,2857,1,
,09:22:30,21686,21676,21679,2858,1,
,09:22:33,21686,21676,21677,2863,5,
,09:22:34,21686,21675,21675,2866,3,
,09:22:35,21686,21673,21676,2882,16,
,09:22:36,21686,21673,21676,2883,1,
,09:22:36,21686,21673,21677,2884,1,
,09:22:37,21686,21673,21677,2884,1,
,09:22:37,21686,21673,21677,2884,1,
,09:22:38,21686,21673,21677,2884,1,
,09:22:38,21686,21673,21677,2885,1,
,09:22:39,21686,21673,21677,2885,1,
,09:22:40,21686,21673,21677,2885,1,
,09:22:41,21686,21673,21677,2885,1,
,09:22:42,21686,21673,21677,2886,1,
,09:22:44,21686,21673,21678,2888,2,
,09:22:44,21686,21673,21678,2888,2,
,09:22:46,21686,21673,21678,2888,2,
,09:22:47,21686,21673,21678,2888,2,
,09:22:48,21686,21673,21678,2888,2,
,09:22:49,21686,21673,21678,2888,2,
,09:22:49,21686,21673,21676,2890,2,
,09:22:52,21686,21673,21674,2891,1,
,09:22:53,21686,21673,21674,2891,1,
,09:22:53,21686,21670,21670,2901,10,
,09:22:54,21686,21670,21672,2902,1,
,09:22:54,21686,21670,21673,2905,3,
,09:22:55,21686,21670,21673,2906,1,
,09:22:55,21686,21670,21674,2908,2,
,09:22:56,21686,21670,21673,2909,1,
,09:22:57,21686,21670,21673,2909,1,
,09:22:57,21686,21670,21673,2911,2,
,09:23:00,21673,21673,21673,2911,2,
,09:23:00,21673,21672,21672,2912,1,
,09:23:01,21673,21672,21672,2913,1,
,09:23:01,21675,21671,21673,2930,17,
,09:23:04,21675,21671,21674,2931,1,
,09:23:04,21675,21671,21673,2932,1,
,09:23:05,21675,21671,21673,2932,1,
,09:23:05,21675,21671,21673,2933,1,
,09:23:06,21675,21670,21671,2943,10,
,09:23:07,21675,21670,21674,2948,5,
,09:23:07,21675,21670,21673,2950,2,
,09:23:08,21675,21670,21673,2950,2,
,09:23:08,21675,21670,21673,2952,2,
,09:23:09,21675,21670,21673,2952,2,
,09:23:09,21675,21670,21675,2955,3,
,09:23:10,21675,21670,21674,2957,2,
,09:23:11,21680,21670,21678,2978,21,
,09:23:12,21680,21670,21680,2980,2,
,09:23:13,21680,21670,21677,2981,1,
,09:23:13,21680,21670,21677,2982,1,
,09:23:14,21680,21670,21679,2984,2,
,09:23:16,21680,21670,21677,2985,1,
,09:23:17,21680,21670,21678,2988,3,
,09:23:18,21680,21670,21679,2999,11,
,09:23:19,21680,21670,21677,3001,2,
,09:23:20,21680,21670,21676,3003,2,
,09:23:22,21680,21670,21679,3005,2,
,09:23:23,21680,21670,21679,3006,1,
,09:23:23,21680,21670,21678,3007,1,
,09:23:24,21680,21670,21678,3007,1,
,09:23:28,21680,21670,21678,3007,1,
,09:23:28,21680,21670,21678,3008,1,
,09:23:29,21680,21670,21678,3008,1,
,09:23:30,21680,21670,21678,3009,1,
,09:23:31,21680,21670,21678,3009,1,
,09:23:32,21680,21670,21680,3011,2,
,09:23:34,21680,21670,21680,3012,1,
,09:23:34,21680,21670,21680,3013,1,
,09:23:35,21681,21670,21681,3016,3,
,09:23:36,21681,21670,21681,3016,3,
,09:23:36,21681,21670,21681,3016,3,
,09:23:37,21681,21670,21681,3016,3,
,09:23:38,21681,21670,21680,3017,1,
,09:23:38,21681,21670,21681,3019,2,
,09:23:39,21681,21670,21681,3019,2,
,09:23:39,21682,21670,21682,3020,1,
,09:23:40,21682,21670,21682,3020,1,
,09:23:40,21682,21670,21682,3020,1,
,09:23:43,21682,21670,21681,3022,2,
,09:23:44,21682,21670,21681,3022,2,
,09:23:44,21682,21670,21682,3024,2,
,09:23:45,21682,21670,21682,3025,1,
,09:23:46,21682,21670,21682,3025,1,
,09:23:47,21682,21670,21682,3026,1,
,09:23:49,21682,21670,21679,3036,10,
,09:23:50,21682,21670,21679,3036,10,
,09:23:51,21682,21670,21679,3036,10,
,09:23:51,21682,21670,21679,3037,1,
,09:23:52,21682,21670,21677,3038,1,
,09:23:53,21682,21670,21677,3038,1,
,09:23:54,21682,21670,21677,3038,1,
,09:23:54,21682,21670,21676,3039,1,
,09:23:55,21682,21670,21676,3039,1,
,09:23:59,21682,21670,21678,3040,1,
,09:23:59,21682,21670,21678,3040,1,
,09:24:01,21677,21677,21677,3041,1,
,09:24:01,21678,21677,21678,3042,1,
,09:24:02,21678,21677,21678,3042,1,
,09:24:02,21680,21677,21680,3043,1,
,09:24:03,21680,21677,21679,3044,1,
,09:24:04,21680,21677,21679,3044,1,
,09:24:04,21680,21677,21679,3044,1,
,09:24:05,21680,21677,21677,3048,4,
,09:24:05,21680,21677,21677,3049,1,
,09:24:07,21680,21677,21677,3049,1,
,09:24:08,21680,21677,21677,3049,1,
,09:24:09,21680,21675,21675,3054,5,
,09:24:10,21680,21675,21675,3054,5,
,09:24:10,21680,21675,21677,3056,2,
,09:24:11,21680,21675,21677,3056,2,
,09:24:11,21680,21675,21677,3056,2,
,09:24:12,21680,21675,21677,3056,2,
,09:24:12,21680,21675,21676,3057,1,
,09:24:14,21680,21675,21676,3057,1,
,09:24:14,21680,21675,21675,3059,2,
,09:24:15,21680,21675,21675,3059,2,
,09:24:16,21680,21674,21674,3061,2,
,09:24:16,21680,21672,21672,3067,6,
,09:24:17,21680,21672,21672,3067,6,
,09:24:17,21680,21672,21674,3068,1,
,09:24:19,21680,21672,21674,3068,1,
,09:24:20,21680,21672,21672,3072,4,
,09:24:21,21680,21672,21672,3072,4,
,09:24:21,21680,21672,21673,3076,4,
,09:24:22,21680,21672,21674,3077,1,
,09:24:23,21680,21672,21673,3078,1,
,09:24:25,21680,21672,21675,3081,3,
,09:24:26,21680,21672,21675,3082,1,
,09:24:27,21680,21672,21675,3085,3,
,09:24:27,21680,21672,21675,3085,3,
,09:24:30,21680,21672,21674,3086,1,
,09:24:31,21680,21672,21674,3086,1,
,09:24:32,21680,21672,21674,3086,1,
,09:24:32,21680,21672,21675,3088,2,
,09:24:33,21680,21672,21675,3089,1,
,09:24:34,21680,21672,21675,3089,1,
,09:24:35,21680,21672,21675,3089,1,
,09:24:36,21680,21672,21675,3097,8,
,09:24:37,21680,21672,21674,3098,1,
,09:24:38,21680,21672,21674,3098,1,
,09:24:39,21680,21672,21673,3100,2,
,09:24:41,21680,21672,21673,3101,1,
,09:24:42,21680,21672,21673,3101,1,
,09:24:42,21680,21672,21672,3103,2,
,09:24:43,21680,21671,21671,3104,1,
,09:24:44,21680,21671,21671,3104,1,
,09:24:44,21680,21671,21672,3106,2,
,09:24:45,21680,21671,21672,3106,2,
,09:24:46,21680,21671,21672,3106,2,
,09:24:47,21680,21671,21671,3107,1,
,09:24:47,21680,21671,21672,3109,2,
,09:24:48,21680,21671,21673,3110,1,
,09:24:48,21680,21671,21671,3112,2,
,09:24:49,21680,21671,21671,3112,2,
,09:24:50,21680,21671,21671,3112,2,
,09:24:50,21680,21671,21671,3115,3,
,09:24:51,21680,21670,21670,3116,1,
,09:24:51,21680,21670,21670,3117,1,
,09:24:52,21680,21670,21670,3118,1,
,09:24:53,21680,21670,21670,3118,1,
,09:24:54,21680,21669,21669,3119,1,
,09:24:54,21680,21669,21669,3121,2,
,09:24:55,21680,21669,21669,3121,2,
,09:24:56,21680,21669,21670,3122,1,
,09:24:56,21680,21668,21668,3133,11,
,09:24:57,21680,21667,21670,3143,10,
,09:24:58,21680,21667,21670,3149,6,
,09:24:59,21680,21667,21670,3150,1,
,09:24:59,21680,21667,21670,3152,2,
,09:25:00,21669,21669,21669,3153,1,
,09:25:01,21672,21669,21672,3160,7,
,09:25:03,21674,21669,21674,3169,9,
,09:25:04,21674,21669,21673,3173,4,
,09:25:04,21675,21669,21673,3179,6,
,09:25:05,21675,21669,21675,3187,8,
,09:25:05,21677,21669,21677,3194,7,
,09:25:06,21677,21669,21677,3201,7,
,09:25:07,21677,21669,21677,3202,1,
,09:25:08,21677,21669,21674,3205,3,
,09:25:09,21677,21669,21674,3205,3,
,09:25:09,21677,21669,21674,3206,1,
,09:25:10,21677,21669,21675,3207,1,
,09:25:10,21677,21669,21676,3209,2,
,09:25:11,21677,21669,21676,3209,2,
,09:25:11,21677,21669,21677,3211,2,
,09:25:12,21677,21669,21677,3212,1,
,09:25:12,21677,21669,21676,3215,3,
,09:25:13,21677,21669,21676,3215,3,
,09:25:14,21677,21669,21676,3215,3,
,09:25:15,21677,21669,21675,3216,1,
,09:25:16,21677,21669,21677,3218,2,
,09:25:17,21678,21669,21678,3219,1,
,09:25:19,21678,21669,21677,3220,1,
,09:25:19,21678,21669,21677,3221,1,
,09:25:20,21678,21669,21678,3223,2,
,09:25:20,21678,21669,21677,3224,1,
,09:25:21,21679,21669,21679,3225,1,
,09:25:22,21680,21669,21680,3226,1,
,09:25:22,21680,21669,21680,3227,1,
,09:25:23,21680,21669,21680,3227,1,
,09:25:23,21680,21669,21678,3233,6,
,09:25:24,21680,21669,21678,3233,6,
,09:25:24,21680,21669,21680,3234,1,
,09:25:26,21680,21669,21680,3237,3,
,09:25:27,21680,21669,21680,3237,3,
,09:25:27,21680,21669,21680,3238,1,
,09:25:28,21682,21669,21682,3239,1,
,09:25:28,21688,21669,21685,3275,36,
,09:25:29,21688,21669,21685,3275,36,
,09:25:29,21688,21669,21683,3280,5,
,09:25:30,21688,21669,21683,3280,5,
,09:25:30,21688,21669,21684,3281,1,
,09:25:31,21688,21669,21684,3281,1,
,09:25:31,21688,21669,21683,3283,2,
,09:25:32,21688,21669,21683,3283,2,
,09:25:32,21688,21669,21681,3294,11,
,09:25:33,21688,21669,21680,3298,4,
,09:25:34,21688,21669,21680,3298,4,
,09:25:34,21688,21669,21679,3310,12,
,09:25:35,21688,21669,21680,3311,1,
,09:25:35,21688,21669,21681,3315,4,
,09:25:36,21688,21669,21681,3315,4,
,09:25:36,21688,21669,21680,3317,2,
,09:25:37,21688,21669,21680,3317,2,
,09:25:38,21688,21669,21680,3317,2,
,09:25:38,21688,21669,21685,3320,3,
,09:25:39,21688,21669,21683,3321,1,
,09:25:39,21688,21669,21685,3323,2,
,09:25:40,21688,21669,21685,3323,2,
,09:25:40,21688,21669,21682,3325,2,
,09:25:41,21688,21669,21682,3325,2,
,09:25:41,21688,21669,21685,3328,3,
,09:25:42,21688,21669,21685,3328,3,
,09:25:42,21688,21669,21683,3330,2,
,09:25:43,21688,21669,21683,3330,2,
,09:25:43,21688,21669,21682,3332,2,
,09:25:44,21688,21669,21682,3332,2,
,09:25:44,21688,21669,21685,3333,1,
,09:25:45,21688,21669,21685,3333,1,
,09:25:45,21688,21669,21685,3334,1,
,09:25:46,21688,21669,21685,3335,1,
,09:25:46,21688,21669,21684,3336,1,
,09:25:47,21688,21669,21684,3336,1,
,09:25:47,21688,21669,21686,3337,1,
,09:25:48,21688,21669,21684,3342,5,
,09:25:49,21688,21669,21684,3342,5,
,09:25:49,21688,21669,21684,3342,5,
,09:25:50,21688,21669,21684,3342,5,
,09:25:51,21688,21669,21684,3342,5,
,09:25:52,21688,21669,21684,3342,5,
,09:25:52,21688,21669,21687,3343,1,
,09:25:53,21688,21669,21687,3345,2,
,09:25:53,21688,21669,21687,3353,8,
,09:25:54,21688,21669,21687,3353,8,
,09:25:55,21688,21669,21687,3353,8,
,09:25:55,21688,21669,21685,3354,1,
,09:25:57,21688,21669,21685,3354,1,
,09:25:57,21688,21669,21685,3358,4,
,09:25:58,21688,21669,21688,3361,3,
,09:25:59,21688,21669,21688,3361,3,
,09:25:59,21688,21669,21688,3362,1,
,09:26:00,21688,21688,21688,3362,1,
,09:26:00,21688,21686,21686,3373,11,
,09:26:01,21688,21684,21685,3392,19,
,09:26:02,21688,21684,21685,3392,19,
,09:26:02,21688,21684,21685,3395,3,
,09:26:03,21688,21684,21685,3397,2,
,09:26:04,21688,21684,21685,3397,2,
,09:26:04,21688,21684,21685,3422,25,
,09:26:05,21688,21684,21688,3426,4,
,09:26:06,21688,21684,21688,3427,1,
,09:26:06,21689,21684,21689,3432,5,
,09:26:07,21689,21684,21689,3432,5,
,09:26:07,21689,21684,21689,3432,5,
,09:26:08,21689,21684,21687,3435,3,
,09:26:09,21689,21684,21687,3435,3,
,09:26:09,21689,21684,21688,3436,1,
,09:26:10,21689,21684,21688,3436,1,
,09:26:11,21689,21684,21688,3436,1,
,09:26:11,21689,21684,21686,3437,1,
,09:26:12,21689,21684,21686,3438,1,
,09:26:12,21689,21684,21686,3443,5,
,09:26:13,21689,21684,21686,3443,5,
,09:26:13,21689,21684,21687,3445,2,
,09:26:14,21689,21684,21687,3445,2,
,09:26:14,21689,21684,21685,3447,2,
,09:26:15,21689,21683,21683,3450,3,
,09:26:16,21689,21683,21683,3450,3,
,09:26:17,21689,21683,21683,3451,1,
,09:26:17,21689,21683,21684,3452,1,
,09:26:19,21689,21683,21684,3453,1,
,09:26:20,21689,21683,21686,3454,1,
,09:26:21,21689,21683,21683,3456,2,
,09:26:22,21689,21683,21683,3456,2,
,09:26:22,21689,21683,21683,3456,2,
,09:26:23,21689,21683,21683,3457,1,
,09:26:24,21689,21683,21683,3457,1,
,09:26:24,21689,21683,21683,3457,1,
,09:26:26,21689,21683,21684,3458,1,
,09:26:27,21689,21683,21684,3458,1,
,09:26:28,21689,21683,21684,3458,1,
,09:26:30,21689,21683,21684,3460,2,
,09:26:30,21689,21683,21684,3462,2,
,09:26:31,21689,21683,21684,3462,2,
,09:26:33,21689,21683,21684,3462,2,
,09:26:34,21689,21683,21684,3462,2,
,09:26:34,21689,21683,21684,3462,2,
,09:26:36,21689,21683,21684,3462,2,
,09:26:36,21689,21682,21683,3469,7,
,09:26:37,21689,21682,21684,3470,1,
,09:26:37,21689,21682,21683,3472,2,
,09:26:38,21689,21682,21683,3472,2,
,09:26:38,21689,21682,21683,3473,1,
,09:26:39,21689,21682,21683,3473,1,
,09:26:39,21689,21681,21681,3476,3,
,09:26:40,21689,21681,21681,3476,3,
,09:26:41,21689,21681,21682,3481,5,
,09:26:42,21689,21681,21682,3481,5,
,09:26:43,21689,21681,21683,3482,1,
,09:26:43,21689,21681,21683,3483,1,
,09:26:45,21689,21681,21683,3484,1,
,09:26:46,21689,21681,21683,3484,1,
,09:26:47,21689,21681,21684,3485,1,
,09:26:48,21689,21681,21682,3486,1,
,09:26:48,21689,21681,21684,3487,1,
,09:26:49,21689,21681,21684,3487,1,
,09:26:50,21689,21681,21683,3488,1,
,09:26:51,21689,21681,21682,3489,1,
,09:26:52,21689,21681,21684,3491,2,
,09:26:54,21689,21681,21683,3498,7,
,09:26:57,21689,21681,21683,3498,7,
,09:26:59,21689,21681,21684,3500,2,
,09:26:59,21689,21681,21684,3502,2,
,09:27:00,21683,21683,21683,3503,1,
,09:27:00,21685,21682,21683,3511,8,
,09:27:01,21685,21682,21685,3514,3,
,09:27:02,21686,21682,21686,3515,1,
,09:27:02,21686,21682,21686,3517,2,
,09:27:03,21686,21682,21686,3517,2,
,09:27:03,21686,21682,21685,3518,1,
,09:27:04,21689,21682,21689,3535,17,
,09:27:07,21689,21682,21689,3537,2,
,09:27:08,21689,21682,21688,3540,3,
,09:27:09,21689,21682,21688,3540,3,
,09:27:09,21689,21682,21688,3541,1,
,09:27:10,21689,21682,21688,3541,1,
,09:27:11,21689,21682,21688,3545,4,
,09:27:12,21689,21682,21688,3545,4,
,09:27:13,21689,21682,21688,3547,2,
,09:27:13,21689,21682,21687,3550,3,
,09:27:14,21689,21682,21687,3552,2,
,09:27:15,21689,21682,21685,3554,2,
,09:27:16,21689,21682,21685,3554,2,
,09:27:16,21689,21682,21685,3555,1,
,09:27:17,21689,21682,21685,3556,1,
,09:27:17,21689,21682,21685,3557,1,
,09:27:18,21689,21682,21685,3557,1,
,09:27:20,21689,21682,21685,3558,1,
,09:27:21,21689,21682,21688,3563,5,
,09:27:22,21689,21682,21687,3564,1,
,09:27:23,21689,21682,21687,3565,1,
,09:27:23,21689,21682,21687,3568,3,
,09:27:24,21689,21682,21687,3569,1,
,09:27:25,21689,21682,21687,3569,1,
,09:27:25,21689,21682,21687,3570,1,
,09:27:26,21689,21682,21687,3570,1,
,09:27:27,21689,21682,21687,3570,1,
,09:27:27,21689,21682,21687,3572,2,
,09:27:30,21690,21682,21690,3598,26,
,09:27:31,21690,21682,21689,3599,1,
,09:27:31,21691,21682,21691,3601,2,
,09:27:32,21691,21682,21691,3601,2,
,09:27:32,21691,21682,21691,3601,2,
,09:27:33,21691,21682,21689,3602,1,
,09:27:34,21691,21682,21689,3602,1,
,09:27:34,21691,21682,21689,3602,1,
,09:27:35,21691,21682,21689,3602,1,
,09:27:35,21691,21682,21689,3603,1,
,09:27:36,21691,21682,21690,3604,1,
,09:27:36,21691,21682,21690,3604,1,
,09:27:37,21691,21682,21689,3605,1,
,09:27:38,21691,21682,21688,3606,1,
,09:27:38,21691,21682,21690,3607,1,
,09:27:39,21691,21682,21690,3607,1,
,09:27:40,21691,21682,21689,3608,1,
,09:27:41,21691,21682,21688,3609,1,
,09:27:42,21691,21682,21688,3609,1,
,09:27:42,21691,21682,21687,3610,1,
,09:27:43,21691,21682,21685,3611,1,
,09:27:44,21691,21682,21685,3611,1,
,09:27:44,21691,21682,21685,3612,1,
,09:27:45,21691,21682,21685,3613,1,
,09:27:45,21691,21682,21688,3618,5,
,09:27:46,21691,21682,21688,3618,5,
,09:27:46,21691,21682,21688,3618,5,
,09:27:47,21691,21682,21688,3618,5,
,09:27:47,21691,21682,21689,3619,1,
,09:27:48,21691,21682,21689,3619,1,
,09:27:48,21691,21682,21689,3623,4,
,09:27:49,21691,21682,21689,3623,4,
,09:27:49,21691,21682,21688,3626,3,
,09:27:50,21691,21682,21688,3626,3,
,09:27:50,21691,21682,21689,3627,1,
,09:27:51,21691,21682,21689,3627,1,
,09:27:52,21691,21682,21689,3632,5,
,09:27:53,21691,21682,21691,3633,1,
,09:27:53,21691,21682,21691,3633,1,
,09:27:55,21691,21682,21688,3634,1,
,09:27:56,21691,21682,21688,3635,1,
,09:27:56,21691,21682,21688,3636,1,
,09:27:57,21691,21682,21688,3637,1,
,09:27:57,21691,21682,21688,3637,1,
,09:27:59,21692,21682,21691,3641,4,
,09:28:00,21689,21689,21689,3642,1,
,09:28:00,21691,21689,21691,3644,2,
,09:28:01,21691,21689,21691,3644,2,
,09:28:01,21691,21689,21690,3646,2,
,09:28:02,21691,21689,21690,3647,1,
,09:28:02,21692,21689,21691,3663,16,
,09:28:03,21692,21689,21691,3663,16,
,09:28:03,21692,21688,21690,3665,2,
,09:28:04,21692,21688,21690,3665,2,
,09:28:04,21692,21688,21688,3667,2,
,09:28:05,21692,21688,21690,3670,3,
,09:28:05,21692,21688,21691,3671,1,
,09:28:06,21694,21688,21694,3683,12,
,09:28:07,21694,21688,21694,3684,1,
,09:28:07,21694,21688,21691,3714,30,
,09:28:08,21694,21688,21692,3715,1,
,09:28:08,21694,21688,21691,3719,4,
,09:28:09,21694,21688,21689,3725,6,
,09:28:10,21694,21687,21687,3726,1,
,09:28:10,21694,21684,21685,3738,12,
,09:28:11,21694,21683,21684,3746,8,
,09:28:12,21694,21683,21686,3747,1,
,09:28:12,21694,21683,21685,3748,1,
,09:28:13,21694,21683,21684,3749,1,
,09:28:14,21694,21683,21684,3749,1,
,09:28:14,21694,21683,21683,3751,2,
,09:28:16,21694,21682,21688,3763,12,
,09:28:17,21694,21682,21687,3764,1,
,09:28:17,21694,21682,21686,3767,3,
,09:28:18,21694,21682,21687,3785,18,
,09:28:20,21694,21682,21687,3785,18,
,09:28:20,21694,21682,21688,3786,1,
,09:28:21,21694,21682,21688,3786,1,
,09:28:21,21694,21682,21688,3787,1,
,09:28:22,21694,21682,21686,3788,1,
,09:28:23,21694,21682,21686,3788,1,
,09:28:24,21694,21682,21688,3789,1,
,09:28:25,21694,21682,21688,3789,1,
,09:28:26,21694,21682,21688,3790,1,
,09:28:26,21694,21682,21688,3790,1,
,09:28:28,21694,21682,21691,3801,11,
,09:28:29,21694,21682,21691,3801,11,
,09:28:30,21694,21682,21688,3802,1,
,09:28:31,21694,21682,21688,3807,5,
,09:28:31,21694,21682,21688,3807,5,
,09:28:32,21694,21682,21686,3808,1,
,09:28:33,21694,21682,21688,3809,1,
,09:28:34,21694,21682,21688,3809,1,
,09:28:34,21694,21682,21688,3809,1,
,09:28:36,21694,21682,21688,3809,1,
,09:28:37,21694,21682,21688,3810,1,
,09:28:37,21694,21682,21688,3810,1,
,09:28:39,21694,21682,21688,3810,1,
,09:28:40,21694,21682,21690,3814,4,
,09:28:41,21694,21682,21691,3816,2,
,09:28:42,21694,21682,21690,3819,3,
,09:28:43,21694,21682,21689,3821,2,
,09:28:44,21694,21682,21689,3822,1,
,09:28:45,21694,21682,21689,3822,1,
,09:28:46,21694,21682,21689,3823,1,
,09:28:47,21694,21682,21689,3823,1,
,09:28:48,21694,21682,21689,3823,1,
,09:28:48,21694,21682,21688,3825,2,
,09:28:49,21694,21682,21688,3825,2,
,09:28:49,21694,21682,21688,3826,1,
,09:28:50,21694,21682,21688,3826,1,
,09:28:53,21694,21682,21688,3827,1,
,09:28:54,21694,21682,21686,3838,11,
,09:28:55,21694,21682,21689,3839,1,
,09:28:55,21694,21682,21689,3839,1,
,09:28:57,21694,21682,21689,3839,1,
,09:28:59,21694,21682,21687,3841,2,
,09:29:00,21686,21686,21686,3845,4,
,09:29:00,21687,21686,21687,3846,1,
,09:29:02,21687,21686,21687,3846,1,
,09:29:06,21691,21686,21690,3862,16,
,09:29:07,21691,21686,21690,3862,16,
,09:29:08,21691,21686,21690,3862,16,
,09:29:08,21691,21686,21690,3862,16,
,09:29:09,21691,21686,21690,3862,16,
,09:29:10,21691,21686,21688,3868,6,
,09:29:11,21691,21686,21690,3871,3,
,09:29:12,21691,21686,21688,3873,2,
,09:29:13,21691,21686,21689,3875,2,
,09:29:13,21691,21686,21690,3878,3,
,09:29:14,21691,21686,21690,3878,3,
,09:29:14,21691,21686,21688,3882,4,
,09:29:15,21692,21686,21689,3895,13,
,09:29:16,21692,21686,21689,3895,13,
,09:29:16,21692,21686,21689,3896,1,
,09:29:17,21692,21686,21688,3897,1,
,09:29:18,21692,21686,21688,3897,1,
,09:29:20,21692,21686,21688,3897,1,
,09:29:21,21692,21686,21688,3900,3,
,09:29:22,21692,21686,21690,3901,1,
,09:29:22,21692,21686,21691,3902,1,
,09:29:23,21692,21686,21689,3908,6,
,09:29:24,21692,21686,21690,3909,1,
,09:29:25,21692,21686,21690,3909,1,
,09:29:25,21692,21686,21690,3909,1,
,09:29:26,21692,21686,21690,3909,1,
,09:29:27,21692,21686,21690,3909,1,
,09:29:28,21692,21686,21690,3909,1,
,09:29:29,21692,21686,21690,3909,1,
,09:29:29,21692,21686,21690,3911,2,
,09:29:30,21692,21686,21690,3911,2,
,09:29:30,21692,21686,21691,3915,4,
,09:29:32,21692,21686,21689,3917,2,
,09:29:33,21692,21686,21688,3919,2,
,09:29:34,21692,21686,21688,3919,2,
,09:29:34,21692,21686,21688,3919,2,
,09:29:35,21692,21686,21688,3920,1,
,09:29:36,21692,21686,21687,3923,3,
,09:29:36,21692,21684,21685,3936,13,
,09:29:37,21692,21684,21685,3936,13,
,09:29:37,21692,21681,21681,3946,10,
,09:29:38,21692,21681,21681,3947,1,
,09:29:38,21692,21680,21680,3948,1,
,09:29:39,21692,21680,21680,3949,1,
,09:29:39,21692,21679,21680,3954,5,
,09:29:40,21692,21679,21679,3958,4,
,09:29:41,21692,21679,21679,3958,4,
,09:29:41,21692,21678,21678,3966,8,
,09:29:42,21692,21677,21680,3974,8,
,09:29:43,21692,21677,21680,3974,8,
,09:29:43,21692,21677,21680,3976,2,
,09:29:44,21692,21677,21680,3976,2,
,09:29:44,21692,21677,21683,3981,5,
,09:29:45,21692,21677,21682,3984,3,
,09:29:45,21692,21677,21682,3989,5,
,09:29:46,21692,21677,21682,3989,5,
,09:29:47,21692,21677,21680,3990,1,
,09:29:48,21692,21677,21682,3991,1,
,09:29:48,21692,21677,21679,3992,1,
,09:29:49,21692,21677,21679,3994,2,
,09:29:49,21692,21677,21680,3997,3,
,09:29:50,21692,21676,21678,4017,20,
,09:29:51,21692,21676,21677,4018,1,
,09:29:51,21692,21676,21676,4025,7,
,09:29:52,21692,21676,21677,4030,5,
,09:29:53,21692,21676,21679,4031,1,
,09:29:54,21692,21676,21676,4035,4,
,09:29:55,21692,21676,21677,4036,1,
,09:29:55,21692,21676,21678,4038,2,
,09:29:56,21692,21676,21678,4038,2,
,09:29:57,21692,21676,21678,4038,2,
,09:29:57,21692,21676,21678,4040,2,
,09:29:58,21692,21676,21678,4041,1,
,09:29:58,21692,21676,21678,4043,2,
,09:29:59,21692,21676,21681,4061,18,
,09:30:00,21681,21681,21681,4067,6,
,09:30:00,21683,21678,21678,4095,28,
,09:30:01,21683,21677,21681,4113,18,
,09:30:02,21683,21677,21682,4114,1,
,09:30:02,21683,21677,21677,4136,22,
,09:30:03,21683,21677,21677,4137,1,
,09:30:03,21683,21675,21675,4156,19,
,09:30:04,21683,21674,21674,4161,5,
,09:30:04,21683,21671,21673,4171,10,
,09:30:05,21683,21671,21671,4182,11,
,09:30:05,21683,21669,21671,4204,22,
,09:30:06,21683,21669,21671,4204,22,
,09:30:06,21683,21669,21669,4211,7,
,09:30:07,21683,21669,21673,4238,27,
,09:30:08,21683,21669,21672,4239,1,
,09:30:08,21683,21669,21672,4246,7,
,09:30:09,21683,21669,21670,4251,5,
,09:30:09,21683,21666,21668,4270,19,
,09:30:10,21683,21663,21663,4311,41,
,09:30:11,21683,21663,21665,4312,1,
,09:30:11,21683,21663,21663,4326,14,
,09:30:12,21683,21663,21665,4328,2,
,09:30:12,21683,21661,21666,4346,18,
,09:30:13,21683,21661,21667,4347,1,
,09:30:13,21683,21661,21663,4368,21,
,09:30:14,21683,21661,21664,4369,1,
,09:30:14,21683,21661,21662,4383,14,
,09:30:15,21683,21661,21661,4386,3,
,09:30:15,21683,21661,21662,4410,24,
,09:30:16,21683,21661,21663,4411,1,
,09:30:16,21683,21661,21663,4422,11,
,09:30:17,21683,21661,21663,4424,2,
,09:30:17,21683,21661,21665,4427,3,
,09:30:18,21683,21661,21664,4445,18,
,09:30:19,21683,21661,21663,4446,1,
,09:30:19,21683,21661,21662,4451,5,
,09:30:20,21683,21661,21662,4452,1,
,09:30:20,21683,21661,21664,4461,9,
,09:30:21,21683,21661,21663,4470,9,
,09:30:22,21683,21661,21665,4471,1,
,09:30:22,21683,21661,21665,4492,21,
,09:30:23,21683,21661,21666,4493,1,
,09:30:23,21683,21661,21667,4495,2,
,09:30:24,21683,21661,21668,4497,2,
,09:30:24,21683,21661,21669,4507,10,
,09:30:25,21683,21661,21668,4511,4,
,09:30:25,21683,21661,21668,4519,8,
,09:30:26,21683,21661,21669,4520,1,
,09:30:26,21683,21661,21673,4546,26,
,09:30:27,21683,21661,21673,4546,26,
,09:30:27,21683,21661,21671,4552,6,
,09:30:28,21683,21661,21673,4556,4,
,09:30:29,21683,21661,21673,4556,4,
,09:30:29,21683,21661,21676,4564,8,
,09:30:30,21683,21661,21676,4572,8,
,09:30:31,21683,21661,21676,4573,1,
,09:30:31,21683,21661,21679,4582,9,
,09:30:32,21683,21661,21681,4597,15,
,09:30:33,21683,21661,21683,4598,1,
,09:30:33,21685,21661,21684,4618,20,
,09:30:34,21687,21661,21682,4636,18,
,09:30:35,21687,21661,21681,4638,2,
,09:30:35,21687,21661,21685,4674,36,
,09:30:36,21687,21661,21679,4698,24,
,09:30:37,21687,21661,21681,4702,4,
,09:30:38,21687,21661,21681,4702,4,
,09:30:39,21687,21661,21681,4702,4,
,09:30:40,21687,21661,21679,4710,8,
,09:30:41,21687,21661,21679,4717,7,
,09:30:42,21687,21661,21679,4717,7,
,09:30:42,21687,21661,21678,4720,3,
,09:30:43,21687,21661,21676,4721,1,
,09:30:43,21687,21661,21676,4726,5,
,09:30:44,21687,21661,21674,4727,1,
,09:30:44,21687,21661,21674,4729,2,
,09:30:45,21687,21661,21675,4730,1,
,09:30:45,21687,21661,21673,4733,3,
,09:30:46,21687,21661,21674,4736,3,
,09:30:47,21687,21661,21674,4736,3,
,09:30:47,21687,21661,21673,4746,10,
,09:30:48,21687,21661,21672,4749,3,
,09:30:49,21687,21661,21672,4759,10,
,09:30:50,21687,21661,21674,4784,25,
,09:30:51,21687,21661,21672,4785,1,
,09:30:51,21687,21661,21674,4786,1,
,09:30:52,21687,21661,21675,4788,2,
,09:30:52,21687,21661,21674,4789,1,
,09:30:53,21687,21661,21676,4795,6,
,09:30:54,21687,21661,21678,4796,1,
,09:30:55,21687,21661,21674,4814,18,
,09:30:56,21687,21661,21674,4816,2,
,09:30:56,21687,21661,21676,4820,4,
,09:30:57,21687,21661,21679,4827,7,
,09:30:58,21687,21661,21680,4838,11,
,09:30:59,21687,21661,21681,4839,1,
,09:30:59,21687,21661,21678,4841,2,
,09:31:00,21679,21679,21679,4842,1,
,09:31:00,21679,21678,21678,4848,6,
,09:31:01,21681,21678,21680,4855,7,
,09:31:02,21683,21678,21682,4861,6,
,09:31:03,21684,21678,21684,4875,14,
,09:31:04,21684,21678,21679,4892,17,
,09:31:05,21684,21678,21679,4892,17,
,09:31:05,21684,21677,21679,4898,6,
,09:31:06,21684,21677,21679,4899,1,
,09:31:06,21684,21677,21681,4913,14,
,09:31:07,21684,21677,21681,4913,14,
,09:31:08,21684,21677,21679,4926,13,
,09:31:09,21684,21675,21675,4934,8,
,09:31:10,21684,21675,21675,4934,8,
,09:31:10,21684,21674,21675,4943,9,
,09:31:11,21684,21674,21675,4943,9,
,09:31:11,21684,21674,21680,4952,9,
,09:31:12,21684,21674,21682,4960,8,
,09:31:13,21684,21674,21682,4960,8,
,09:31:13,21684,21674,21680,4962,2,
,09:31:14,21684,21674,21680,4963,1,
,09:31:14,21684,21674,21681,4979,16,
,09:31:15,21684,21674,21683,4988,9,
,09:31:16,21687,21674,21687,5013,25,
,09:31:17,21687,21674,21682,5025,12,
,09:31:18,21687,21674,21682,5025,12,
,09:31:18,21687,21674,21683,5030,5,
,09:31:19,21687,21674,21683,5040,10,
,09:31:20,21687,21674,21683,5045,5,
,09:31:20,21687,21674,21682,5048,3,
,09:31:21,21687,21674,21682,5048,3,
,09:31:21,21687,21674,21683,5051,3,
,09:31:22,21687,21674,21685,5054,3,
,09:31:23,21687,21674,21685,5054,3,
,09:31:23,21688,21674,21688,5058,4,
,09:31:24,21688,21674,21688,5058,4,
,09:31:24,21691,21674,21691,5082,24,
,09:31:25,21692,21674,21692,5088,6,
,09:31:26,21692,21674,21692,5092,4,
,09:31:26,21692,21674,21690,5109,17,
,09:31:26,21692,21674,21691,5110,1,
,09:31:27,21692,21674,21691,5110,1,
,09:31:27,21692,21674,21691,5114,4,
,09:31:28,21692,21674,21690,5120,6,
,09:31:28,21692,21674,21690,5125,5,
,09:31:29,21692,21674,21690,5125,5,
,09:31:29,21692,21674,21692,5126,1,
,09:31:29,21693,21674,21693,5132,6,
,09:31:30,21693,21674,21693,5136,4,
,09:31:30,21699,21674,21698,5181,45,
,09:31:31,21705,21674,21702,5277,96,
,09:31:32,21705,21674,21704,5317,40,
,09:31:33,21707,21674,21707,5339,22,
,09:31:34,21711,21674,21705,5400,61,
,09:31:35,21711,21674,21707,5411,11,
,09:31:36,21711,21674,21707,5428,17,
,09:31:37,21711,21674,21707,5451,23,
,09:31:38,21712,21674,21712,5472,21,
,09:31:39,21712,21674,21711,5483,11,
,09:31:40,21712,21674,21711,5487,4,
,09:31:41,21712,21674,21709,5502,15,
,09:31:42,21712,21674,21709,5502,15,
,09:31:42,21712,21674,21709,5503,1,
,09:31:43,21714,21674,21714,5519,16,
,09:31:44,21714,21674,21714,5520,1,
,09:31:44,21714,21674,21714,5540,20,
,09:31:45,21714,21674,21714,5540,20,
,09:31:45,21715,21674,21715,5548,8,
,09:31:46,21720,21674,21718,5591,43,
,09:31:47,21720,21674,21715,5601,10,
,09:31:48,21720,21674,21716,5609,8,
,09:31:49,21720,21674,21717,5610,1,
,09:31:49,21720,21674,21713,5622,12,
,09:31:50,21720,21674,21713,5623,1,
,09:31:50,21720,21674,21709,5643,20,
,09:31:51,21720,21674,21714,5665,22,
,09:31:52,21720,21674,21715,5667,2,
,09:31:52,21720,21674,21716,5671,4,
,09:31:53,21720,21674,21716,5671,4,
,09:31:53,21720,21674,21714,5684,13,
,09:31:54,21720,21674,21714,5685,1,
,09:31:54,21720,21674,21715,5691,6,
,09:31:55,21720,21674,21715,5691,6,
,09:31:55,21720,21674,21714,5695,4,
,09:31:56,21720,21674,21715,5696,1,
,09:31:56,21720,21674,21716,5704,8,
,09:31:57,21720,21674,21716,5704,8,
,09:31:57,21720,21674,21718,5714,10,
,09:31:58,21720,21674,21719,5716,2,
,09:31:58,21720,21674,21719,5732,16,
,09:31:59,21723,21674,21721,5770,38,
,09:32:00,21721,21721,21721,5770,38,
,09:32:00,21721,21717,21718,5777,7,
,09:32:01,21721,21717,21717,5778,1,
,09:32:01,21721,21715,21715,5797,19,
,09:32:02,21721,21710,21712,5829,32,
,09:32:03,21721,21710,21712,5830,1,
,09:32:03,21721,21710,21713,5840,10,
,09:32:04,21721,21710,21711,5844,4,
,09:32:04,21721,21710,21714,5860,16,
,09:32:05,21721,21710,21713,5868,8,
,09:32:06,21721,21710,21714,5869,1,
,09:32:06,21721,21710,21714,5878,9,
,09:32:07,21721,21710,21715,5879,1,
,09:32:07,21721,21710,21715,5888,9,
,09:32:08,21721,21710,21715,5888,9,
,09:32:08,21721,21710,21714,5898,10,
,09:32:09,21721,21710,21714,5898,10,
,09:32:09,21721,21710,21715,5902,4,
,09:32:10,21721,21710,21713,5904,2,
,09:32:10,21721,21710,21713,5913,9,
,09:32:11,21721,21710,21713,5930,17,
,09:32:12,21721,21710,21713,5946,16,
,09:32:13,21721,21710,21713,5946,16,
,09:32:13,21721,21710,21715,5962,16,
,09:32:14,21721,21710,21715,5976,14,
,09:32:15,21721,21710,21716,5977,1,
,09:32:15,21721,21710,21716,5980,3,
,09:32:16,21721,21710,21718,5983,3,
,09:32:16,21721,21710,21719,5989,6,
,09:32:17,21721,21710,21720,5999,10,
,09:32:18,21721,21710,21720,6019,20,
,09:32:19,21721,21710,21720,6022,3,
,09:32:19,21721,21710,21719,6032,10,
,09:32:20,21721,21710,21719,6033,1,
,09:32:20,21721,21710,21719,6038,5,
,09:32:21,21721,21710,21719,6038,5,
,09:32:21,21721,21710,21721,6039,1,
,09:32:22,21721,21710,21721,6039,1,
,09:32:22,21737,21710,21736,6155,116,
,09:32:23,21740,21710,21737,6231,76,
,09:32:24,21740,21710,21738,6232,1,
,09:32:24,21740,21710,21737,6275,43,
,09:32:25,21740,21710,21736,6314,39,
,09:32:26,21740,21710,21733,6337,23,
,09:32:27,21740,21710,21735,6364,27,
,09:32:28,21740,21710,21735,6365,1,
,09:32:28,21740,21710,21736,6394,29,
,09:32:29,21740,21710,21735,6406,12,
,09:32:30,21740,21710,21736,6423,17,
,09:32:31,21740,21710,21736,6435,12,
,09:32:32,21740,21710,21736,6436,1,
,09:32:32,21740,21710,21736,6445,9,
,09:32:33,21740,21710,21734,6452,7,
,09:32:34,21740,21710,21732,6473,21,
,09:32:35,21740,21710,21732,6474,1,
,09:32:35,21740,21710,21734,6485,11,
,09:32:36,21740,21710,21734,6517,32,
,09:32:37,21740,21710,21738,6525,8,
,09:32:38,21741,21710,21736,6552,27,
,09:32:39,21741,21710,21737,6553,1,
,09:32:39,21741,21710,21738,6560,7,
,09:32:40,21741,21710,21731,6585,25,
,09:32:41,21741,21710,21733,6591,6,
,09:32:42,21741,21710,21734,6597,6,
,09:32:43,21741,21710,21734,6597,6,
,09:32:44,21741,21710,21733,6607,10,
,09:32:45,21741,21710,21733,6607,10,
,09:32:45,21741,21710,21734,6610,3,
,09:32:46,21741,21710,21735,6611,1,
,09:32:46,21741,21710,21733,6616,5,
,09:32:47,21741,21710,21728,6636,20,
,09:32:48,21741,21710,21729,6651,15,
,09:32:49,21741,21710,21729,6652,1,
,09:32:49,21741,21710,21730,6665,13,
,09:32:50,21741,21710,21730,6665,13,
,09:32:50,21741,21710,21733,6673,8,
,09:32:51,21741,21710,21733,6674,1,
,09:32:52,21741,21710,21733,6675,1,
,09:32:52,21741,21710,21732,6676,1,
,09:32:53,21741,21710,21732,6688,12,
,09:32:54,21741,21710,21731,6708,20,
,09:32:55,21741,21710,21731,6708,20,
,09:32:55,21741,21710,21731,6715,7,
,09:32:56,21741,21710,21733,6728,13,
,09:32:56,21741,21710,21733,6729,1,
,09:32:57,21741,21710,21732,6734,5,
,09:32:57,21741,21710,21733,6738,4,
,09:32:58,21741,21710,21734,6749,11,
,09:32:58,21741,21710,21736,6770,21,
,09:32:59,21741,21710,21736,6772,2,
,09:32:59,21741,21710,21735,6788,16,
,09:33:00,21736,21736,21736,6798,10,
,09:33:00,21738,21735,21737,6807,9,
,09:33:01,21738,21735,21737,6807,9,
,09:33:01,21739,21735,21738,6822,15,
,09:33:02,21739,21735,21739,6823,1,
,09:33:02,21740,21735,21739,6828,5,
,09:33:03,21740,21735,21739,6856,28,
,09:33:04,21740,21735,21740,6857,1,
,09:33:04,21750,21735,21749,6924,67,
,09:33:05,21750,21735,21747,6928,4,
,09:33:05,21754,21735,21754,7007,79,
,09:33:06,21754,21735,21754,7010,3,
,09:33:06,21755,21735,21752,7034,24,
,09:33:07,21755,21735,21754,7038,4,
,09:33:07,21755,21735,21750,7053,15,
,09:33:08,21755,21735,21750,7053,15,
,09:33:08,21755,21735,21752,7070,17,
,09:33:09,21755,21735,21752,7070,17,
,09:33:09,21755,21735,21750,7098,28,
,09:33:10,21755,21735,21752,7099,1,
,09:33:10,21755,21735,21748,7111,12,
,09:33:11,21755,21735,21748,7111,12,
,09:33:11,21755,21735,21747,7162,51,
,09:33:12,21755,21735,21747,7163,1,
,09:33:12,21755,21735,21747,7177,14,
,09:33:13,21755,21735,21747,7195,18,
,09:33:14,21755,21735,21747,7195,18,
,09:33:14,21755,21735,21746,7201,6,
,09:33:15,21755,21735,21744,7225,24,
,09:33:16,21755,21735,21742,7226,1,
,09:33:16,21755,21735,21741,7239,13,
,09:33:17,21755,21735,21741,7239,13,
,09:33:17,21755,21735,21741,7240,1,
,09:33:18,21755,21735,21741,7240,1,
,09:33:18,21755,21735,21744,7249,9,
,09:33:19,21755,21735,21744,7249,9,
,09:33:19,21755,21735,21743,7258,9,
,09:33:20,21755,21735,21743,7258,9,
,09:33:20,21755,21735,21743,7261,3,
,09:33:21,21755,21735,21743,7261,3,
,09:33:21,21755,21735,21744,7264,3,
,09:33:22,21755,21735,21744,7264,3,
,09:33:23,21755,21735,21746,7266,2,
,09:33:23,21755,21735,21745,7272,6,
,09:33:24,21755,21735,21745,7272,6,
,09:33:24,21755,21735,21744,7274,2,
,09:33:25,21755,21735,21745,7275,1,
,09:33:26,21755,21735,21745,7276,1,
,09:33:26,21755,21735,21745,7279,3,
,09:33:27,21755,21735,21745,7279,3,
,09:33:27,21755,21735,21745,7283,4,
,09:33:28,21755,21735,21745,7283,4,
,09:33:29,21755,21735,21745,7283,4,
,09:33:29,21755,21735,21746,7285,2,
,09:33:30,21755,21735,21745,7286,1,
,09:33:31,21755,21735,21746,7287,1,
,09:33:31,21755,21735,21747,7290,3,
,09:33:32,21755,21735,21747,7290,3,
,09:33:32,21755,21735,21748,7301,11,
,09:33:33,21755,21735,21749,7307,6,
,09:33:33,21755,21735,21751,7329,22,
,09:33:34,21755,21735,21752,7353,24,
,09:33:35,21755,21735,21752,7353,24,
,09:33:35,21755,21735,21752,7358,5,
,09:33:36,21755,21735,21753,7378,20,
,09:33:37,21755,21735,21752,7379,1,
,09:33:37,21755,21735,21750,7391,12,
,09:33:38,21755,21735,21750,7391,12,
,09:33:38,21755,21735,21752,7395,4,
,09:33:39,21755,21735,21750,7429,34,
,09:33:40,21755,21735,21748,7450,21,
,09:33:41,21755,21735,21748,7451,1,
,09:33:41,21755,21735,21750,7460,9,
,09:33:42,21755,21735,21750,7480,20,
,09:33:43,21755,21735,21751,7485,5,
,09:33:44,21755,21735,21752,7486,1,
,09:33:44,21755,21735,21752,7491,5,
,09:33:45,21755,21735,21750,7493,2,
,09:33:45,21755,21735,21751,7494,1,
,09:33:46,21755,21735,21752,7495,1,
,09:33:47,21755,21735,21752,7506,11,
,09:33:47,21755,21735,21753,7507,1,
,09:33:48,21755,21735,21750,7515,8,
,09:33:49,21755,21735,21748,7523,8,
,09:33:50,21755,21735,21748,7523,8,
,09:33:50,21755,21735,21748,7527,4,
,09:33:51,21755,21735,21747,7535,8,
,09:33:52,21755,21735,21747,7535,8,
,09:33:52,21755,21735,21747,7551,16,
,09:33:53,21755,21735,21747,7555,4,
,09:33:54,21755,21735,21747,7555,4,
,09:33:54,21755,21735,21748,7556,1,
,09:33:55,21755,21735,21748,7556,1,
,09:33:56,21755,21735,21748,7556,1,
,09:33:56,21755,21735,21749,7566,10,
,09:33:57,21755,21735,21749,7566,10,
,09:33:57,21755,21735,21749,7568,2,
,09:33:58,21755,21735,21749,7568,2,
,09:33:58,21755,21735,21748,7575,7,
,09:33:59,21755,21735,21749,7576,1,
,09:33:59,21755,21735,21748,7581,5,
,09:34:00,21748,21748,21748,7581,5,
,09:34:00,21748,21748,21748,7584,3,
,09:34:01,21748,21747,21748,7589,5,
,09:34:02,21748,21747,21747,7590,1,
,09:34:03,21748,21747,21747,7591,1,
,09:34:03,21748,21747,21748,7593,2,
,09:34:04,21748,21746,21747,7599,6,
,09:34:05,21748,21746,21746,7615,16,
,09:34:06,21749,21746,21747,7630,15,
,09:34:07,21749,21746,21746,7636,6,
,09:34:08,21749,21746,21748,7637,1,
,09:34:08,21749,21746,21746,7642,5,
,09:34:09,21749,21746,21746,7642,5,
,09:34:09,21749,21746,21748,7645,3,
,09:34:10,21749,21745,21745,7655,10,
,09:34:11,21749,21745,21747,7656,1,
,09:34:11,21749,21745,21746,7659,3,
,09:34:12,21749,21745,21747,7661,2,
,09:34:12,21749,21745,21745,7670,9,
,09:34:13,21749,21745,21745,7670,9,
,09:34:13,21749,21742,21743,7722,52,
,09:34:14,21749,21742,21743,7722,52,
,09:34:14,21749,21741,21742,7727,5,
,09:34:15,21749,21741,21741,7728,1,
,09:34:15,21749,21741,21742,7745,17,
,09:34:16,21749,21741,21742,7746,1,
,09:34:16,21749,21741,21743,7752,6,
,09:34:17,21749,21741,21743,7752,6,
,09:34:17,21749,21741,21741,7771,19,
,09:34:18,21749,21741,21741,7783,12,
,09:34:19,21749,21740,21740,7800,17,
,09:34:20,21749,21740,21740,7800,17,
,09:34:20,21749,21740,21741,7808,8,
,09:34:21,21749,21740,21741,7808,8,
,09:34:21,21749,21740,21740,7810,2,
,09:34:22,21749,21740,21740,7810,2,
,09:34:23,21749,21740,21742,7811,1,
,09:34:23,21749,21740,21742,7830,19,
,09:34:24,21749,21740,21743,7847,17,
,09:34:25,21749,21740,21743,7847,17,
,09:34:25,21749,21740,21742,7848,1,
,09:34:26,21749,21740,21742,7848,1,
,09:34:26,21749,21740,21744,7850,2,
,09:34:27,21749,21740,21744,7852,2,
,09:34:27,21749,21740,21743,7857,5,
,09:34:28,21749,21740,21741,7866,9,
,09:34:29,21749,21740,21742,7867,1,
,09:34:29,21749,21740,21742,7874,7,
,09:34:30,21749,21740,21742,7874,7,
,09:34:30,21749,21740,21741,7881,7,
,09:34:31,21749,21740,21742,7889,8,
,09:34:32,21749,21737,21737,7929,40,
,09:34:33,21749,21737,21738,7930,1,
,09:34:33,21749,21737,21740,7934,4,
,09:34:34,21749,21737,21738,7935,1,
,09:34:34,21749,21737,21739,7943,8,
,09:34:35,21749,21737,21742,7958,15,
,09:34:36,21749,21737,21742,7958,15,
,09:34:37,21749,21737,21742,7959,1,
,09:34:37,21749,21737,21742,7972,13,
,09:34:38,21749,21737,21742,7972,13,
,09:34:39,21749,21737,21743,7973,1,
,09:34:39,21749,21737,21744,7976,3,
,09:34:40,21749,21737,21744,7977,1,
,09:34:40,21749,21737,21744,7979,2,
,09:34:41,21749,21737,21743,7985,6,
,09:34:42,21749,21737,21743,7987,2,
,09:34:43,21749,21737,21742,7988,1,
,09:34:43,21749,21737,21744,7995,7,
,09:34:44,21749,21737,21744,7995,7,
,09:34:45,21749,21737,21744,7997,2,
,09:34:45,21749,21737,21745,8002,5,
,09:34:46,21749,21737,21745,8004,2,
,09:34:46,21749,21737,21743,8013,9,
,09:34:47,21749,21737,21743,8013,9,
,09:34:47,21749,21737,21745,8014,1,
,09:34:48,21749,21737,21746,8015,1,
,09:34:48,21749,21737,21744,8020,5,
,09:34:49,21749,21737,21746,8025,5,
,09:34:50,21749,21737,21744,8026,1,
,09:34:50,21749,21737,21744,8027,1,
,09:34:51,21749,21737,21744,8027,1,
,09:34:51,21749,21737,21743,8036,9,
,09:34:52,21749,21737,21743,8037,1,
,09:34:52,21749,21737,21742,8041,4,
,09:34:53,21749,21737,21742,8044,3,
,09:34:54,21749,21737,21743,8045,1,
,09:34:54,21749,21737,21743,8045,1,
,09:34:55,21749,21737,21741,8046,1,
,09:34:56,21749,21737,21741,8047,1,
,09:34:56,21749,21737,21741,8048,1,
,09:34:57,21749,21737,21741,8049,1,
,09:34:57,21749,21737,21742,8050,1,
,09:34:58,21749,21737,21742,8050,1,
,09:34:58,21749,21737,21738,8064,14,
,09:34:59,21749,21737,21740,8066,2,
,09:35:00,21740,21740,21740,8080,14,
,09:35:00,21741,21740,21741,8086,6,
,09:35:01,21742,21740,21742,8087,1,
,09:35:01,21742,21740,21740,8092,5,
,09:35:02,21742,21740,21740,8092,5,
,09:35:02,21743,21740,21740,8099,7,
,09:35:03,21743,21740,21742,8114,15,
,09:35:04,21743,21740,21742,8114,15,
,09:35:04,21743,21739,21740,8123,9,
,09:35:05,21743,21739,21740,8123,9,
,09:35:05,21743,21739,21742,8136,13,
,09:35:06,21743,21739,21742,8136,13,
,09:35:06,21743,21739,21743,8138,2,
,09:35:07,21743,21739,21743,8139,1,
,09:35:07,21743,21739,21742,8141,2,
,09:35:08,21743,21739,21743,8150,9,
,09:35:09,21743,21739,21743,8150,9,
,09:35:09,21748,21739,21748,8181,31,
,09:35:10,21750,21739,21749,8199,18,
,09:35:11,21751,21739,21748,8223,24,
,09:35:12,21751,21739,21749,8227,4,
,09:35:13,21751,21739,21749,8227,4,
,09:35:13,21751,21739,21750,8231,4,
,09:35:14,21751,21739,21750,8231,4,
,09:35:14,21752,21739,21752,8239,8,
,09:35:15,21753,21739,21752,8273,34,
,09:35:16,21753,21739,21752,8273,34,
,09:35:16,21754,21739,21753,8288,15,
,09:35:17,21754,21739,21750,8308,20,
,09:35:18,21754,21739,21751,8318,10,
,09:35:19,21754,21739,21751,8318,10,
,09:35:19,21754,21739,21752,8324,6,
,09:35:20,21754,21739,21752,8324,6,
,09:35:20,21754,21739,21753,8334,10,
,09:35:21,21754,21739,21754,8344,10,
,09:35:22,21754,21739,21754,8344,10,
,09:35:22,21761,21739,21759,8442,98,
,09:35:23,21761,21739,21761,8445,3,
,09:35:23,21765,21739,21764,8499,54,
,09:35:24,21767,21739,21765,8534,35,
,09:35:25,21767,21739,21763,8570,36,
,09:35:26,21767,21739,21763,8571,1,
,09:35:26,21767,21739,21762,8594,23,
,09:35:27,21767,21739,21760,8595,1,
,09:35:27,21767,21739,21760,8606,11,
,09:35:28,21767,21739,21760,8626,20,
,09:35:29,21767,21739,21760,8648,22,
,09:35:30,21767,21739,21760,8648,22,
,09:35:30,21767,21739,21760,8652,4,
,09:35:31,21767,21739,21759,8657,5,
,09:35:32,21767,21739,21759,8657,5,
,09:35:32,21767,21739,21760,8672,15,
,09:35:33,21767,21739,21761,8686,14,
,09:35:34,21767,21739,21761,8686,14,
,09:35:34,21767,21739,21760,8693,7,
,09:35:35,21767,21739,21760,8693,7,
,09:35:35,21767,21739,21761,8699,6,
,09:35:36,21767,21739,21761,8699,6,
,09:35:36,21767,21739,21761,8718,19,
,09:35:37,21767,21739,21761,8718,19,
,09:35:37,21767,21739,21759,8727,9,
,09:35:38,21767,21739,21759,8727,9,
,09:35:38,21767,21739,21760,8738,11,
,09:35:39,21767,21739,21760,8739,1,
,09:35:39,21767,21739,21760,8747,8,
,09:35:40,21767,21739,21762,8748,1,
,09:35:40,21767,21739,21763,8755,7,
,09:35:41,21767,21739,21763,8761,6,
,09:35:42,21767,21739,21763,8761,6,
,09:35:42,21767,21739,21761,8772,11,
,09:35:43,21767,21739,21762,8773,1,
,09:35:43,21767,21739,21763,8776,3,
,09:35:44,21767,21739,21762,8777,1,
,09:35:44,21767,21739,21762,8784,7,
,09:35:45,21767,21739,21762,8786,2,
,09:35:45,21767,21739,21760,8793,7,
,09:35:46,21767,21739,21759,8794,1,
,09:35:46,21767,21739,21759,8806,12,
,09:35:47,21767,21739,21759,8807,1,
,09:35:47,21767,21739,21761,8810,3,
,09:35:48,21767,21739,21761,8810,3,
,09:35:48,21767,21739,21759,8818,8,
,09:35:49,21767,21739,21763,8844,26,
,09:35:50,21767,21739,21763,8846,2,
,09:35:50,21767,21739,21766,8859,13,
,09:35:51,21773,21739,21771,8937,78,
,09:35:52,21773,21739,21771,8938,1,
,09:35:52,21773,21739,21768,8962,24,
,09:35:53,21773,21739,21768,8962,24,
,09:35:53,21773,21739,21769,8967,5,
,09:35:54,21773,21739,21767,8980,13,
,09:35:55,21773,21739,21766,8981,1,
,09:35:55,21773,21739,21763,8996,15,
,09:35:56,21773,21739,21762,9001,5,
,09:35:56,21773,21739,21760,9007,6,
,09:35:57,21773,21739,21760,9007,6,
,09:35:57,21773,21739,21757,9013,6,
,09:35:58,21773,21739,21759,9021,8,
,09:35:59,21773,21739,21761,9024,3,
,09:35:59,21773,21739,21763,9033,9,
,09:36:00,21763,21763,21763,9034,1,
,09:36:00,21766,21763,21764,9045,11,
,09:36:01,21766,21763,21764,9045,11,
,09:36:01,21766,21763,21764,9059,14,
,09:36:02,21766,21763,21763,9060,1,
,09:36:02,21766,21763,21763,9062,2,
,09:36:03,21766,21763,21764,9063,1,
,09:36:03,21766,21762,21764,9072,9,
,09:36:04,21766,21762,21764,9072,9,
,09:36:04,21766,21762,21763,9075,3,
,09:36:05,21766,21759,21759,9088,13,
,09:36:06,21766,21757,21757,9102,14,
,09:36:07,21766,21757,21757,9102,14,
,09:36:07,21766,21757,21759,9107,5,
,09:36:08,21766,21757,21757,9110,3,
,09:36:08,21766,21757,21757,9114,4,
,09:36:09,21766,21757,21757,9114,4,
,09:36:09,21766,21757,21758,9116,2,
,09:36:10,21766,21757,21758,9116,2,
,09:36:10,21766,21757,21758,9123,7,
,09:36:11,21766,21757,21759,9126,3,
,09:36:11,21766,21757,21758,9132,6,
,09:36:12,21766,21757,21758,9133,1,
,09:36:12,21766,21757,21760,9139,6,
,09:36:13,21766,21757,21760,9139,6,
,09:36:13,21766,21757,21758,9154,15,
,09:36:14,21766,21757,21760,9161,7,
,09:36:15,21766,21757,21759,9162,1,
,09:36:15,21766,21756,21757,9171,9,
,09:36:16,21766,21754,21754,9195,24,
,09:36:17,21766,21753,21753,9200,5,
,09:36:17,21766,21752,21755,9213,13,
,09:36:18,21766,21752,21755,9214,1,
,09:36:19,21766,21752,21756,9215,1,
,09:36:19,21766,21752,21757,9220,5,
,09:36:20,21766,21752,21756,9221,1,
,09:36:20,21766,21752,21756,9222,1,
,09:36:21,21766,21752,21755,9223,1,
,09:36:21,21766,21752,21754,9230,7,
,09:36:22,21766,21752,21753,9231,1,
,09:36:22,21766,21752,21757,9235,4,
,09:36:23,21766,21752,21755,9236,1,
,09:36:23,21766,21752,21755,9241,5,
,09:36:24,21766,21752,21756,9242,1,
,09:36:24,21766,21752,21753,9243,1,
,09:36:25,21766,21751,21751,9251,8,
,09:36:26,21766,21751,21751,9251,8,
,09:36:26,21766,21751,21752,9256,5,
,09:36:27,21766,21751,21754,9268,12,
,09:36:28,21766,21751,21754,9268,12,
,09:36:28,21766,21751,21753,9271,3,
,09:36:29,21766,21751,21756,9283,12,
,09:36:30,21766,21751,21756,9283,12,
,09:36:30,21766,21751,21757,9284,1,
,09:36:31,21766,21751,21754,9287,3,
,09:36:32,21766,21751,21754,9301,14,
,09:36:33,21766,21751,21754,9306,5,
,09:36:34,21766,21751,21753,9308,2,
,09:36:34,21766,21751,21755,9310,2,
,09:36:35,21766,21751,21754,9312,2,
,09:36:35,21766,21751,21753,9348,36,
,09:36:36,21766,21751,21752,9361,13,
,09:36:37,21766,21751,21753,9369,8,
,09:36:38,21766,21751,21753,9369,8,
,09:36:38,21766,21751,21751,9376,7,
,09:36:39,21766,21751,21751,9376,7,
,09:36:39,21766,21750,21751,9383,7,
,09:36:40,21766,21750,21750,9384,1,
,09:36:40,21766,21750,21750,9388,4,
,09:36:41,21766,21749,21750,9395,7,
,09:36:42,21766,21749,21751,9400,5,
,09:36:43,21766,21749,21752,9419,19,
,09:36:44,21766,21749,21752,9420,1,
,09:36:44,21766,21749,21752,9425,5,
,09:36:45,21766,21749,21752,9426,1,
,09:36:46,21766,21749,21753,9430,4,
,09:36:46,21766,21749,21755,9438,8,
,09:36:47,21766,21749,21755,9438,8,
,09:36:47,21766,21749,21754,9443,5,
,09:36:48,21766,21749,21755,9444,1,
,09:36:48,21766,21749,21752,9449,5,
,09:36:49,21766,21749,21753,9450,1,
,09:36:49,21766,21749,21752,9458,8,
,09:36:50,21766,21749,21751,9462,4,
,09:36:51,21766,21747,21748,9485,23,
,09:36:52,21766,21747,21748,9486,1,
,09:36:52,21766,21746,21746,9488,2,
,09:36:53,21766,21743,21743,9513,25,
,09:36:54,21766,21743,21745,9531,18,
,09:36:55,21766,21743,21745,9537,6,
,09:36:55,21766,21743,21746,9538,1,
,09:36:56,21766,21743,21744,9539,1,
,09:36:56,21766,21743,21746,9550,11,
,09:36:57,21766,21743,21747,9565,15,
,09:36:58,21766,21743,21748,9568,3,
,09:36:58,21766,21743,21747,9569,1,
,09:36:59,21766,21743,21747,9570,1,
,09:37:00,21746,21746,21746,9572,2,
,09:37:00,21747,21746,21747,9575,3,
,09:37:01,21749,21746,21749,9576,1,
,09:37:01,21749,21746,21747,9579,3,
,09:37:02,21749,21746,21747,9579,3,
,09:37:02,21749,21746,21749,9587,8,
,09:37:03,21749,21746,21749,9587,8,
,09:37:03,21749,21746,21749,9589,2,
,09:37:04,21749,21746,21748,9590,1,
,09:37:04,21751,21746,21750,9599,9,
,09:37:05,21751,21746,21749,9600,1,
,09:37:06,21751,21746,21749,9600,1,
,09:37:06,21752,21746,21752,9604,4,
,09:37:07,21753,21746,21752,9607,3,
,09:37:08,21753,21746,21752,9607,3,
,09:37:08,21754,21746,21754,9608,1,
,09:37:09,21754,21746,21754,9610,2,
,09:37:09,21755,21746,21753,9612,2,
,09:37:10,21755,21746,21753,9612,2,
,09:37:10,21755,21746,21752,9613,1,
,09:37:11,21755,21746,21752,9613,1,
,09:37:11,21755,21746,21753,9621,8,
,09:37:12,21755,21746,21753,9621,8,
,09:37:12,21755,21746,21752,9623,2,
,09:37:13,21755,21746,21752,9623,2,
,09:37:13,21755,21746,21749,9630,7,
,09:37:14,21755,21746,21749,9630,7,
,09:37:14,21755,21746,21749,9636,6,
,09:37:15,21755,21746,21749,9636,6,
,09:37:15,21755,21746,21749,9637,1,
,09:37:16,21755,21746,21749,9637,1,
,09:37:16,21755,21746,21749,9648,11,
,09:37:17,21755,21746,21748,9656,8,
,09:37:18,21755,21746,21749,9657,1,
,09:37:18,21755,21746,21749,9659,2,
,09:37:19,21755,21746,21749,9659,2,
,09:37:20,21755,21746,21751,9666,7,
,09:37:21,21755,21746,21751,9669,3,
,09:37:22,21755,21746,21751,9669,3,
,09:37:22,21755,21746,21750,9670,1,
,09:37:23,21755,21746,21750,9671,1,
,09:37:23,21755,21746,21751,9677,6,
,09:37:24,21755,21746,21753,9687,10,
,09:37:25,21755,21746,21753,9687,10,
,09:37:25,21755,21746,21753,9690,3,
,09:37:26,21755,21746,21751,9692,2,
,09:37:26,21755,21746,21753,9694,2,
,09:37:27,21755,21746,21753,9694,2,
,09:37:27,21755,21746,21754,9697,3,
,09:37:28,21755,21746,21754,9697,3,
,09:37:28,21755,21746,21753,9700,3,
,09:37:29,21755,21746,21753,9700,3,
,09:37:29,21755,21746,21754,9701,1,
,09:37:30,21755,21746,21754,9701,1,
,09:37:30,21755,21746,21754,9706,5,
,09:37:31,21755,21746,21754,9709,3,
,09:37:32,21755,21746,21753,9712,3,
,09:37:33,21755,21746,21753,9712,3,
,09:37:33,21755,21746,21751,9713,1,
,09:37:34,21755,21746,21751,9713,1,
,09:37:34,21755,21746,21752,9714,1,
,09:37:35,21755,21746,21751,9716,2,
,09:37:36,21755,21746,21751,9716,2,
,09:37:37,21755,21746,21751,9716,2,
,09:37:38,21755,21746,21751,9716,2,
,09:37:39,21755,21746,21754,9723,7,
,09:37:40,21755,21746,21754,9727,4,
,09:37:41,21755,21746,21755,9732,5,
,09:37:41,21755,21746,21754,9737,5,
,09:37:42,21755,21746,21754,9737,5,
,09:37:42,21755,21746,21755,9744,7,
,09:37:43,21755,21746,21753,9745,1,
,09:37:44,21755,21746,21753,9745,1,
,09:37:44,21755,21746,21754,9749,4,
,09:37:45,21755,21746,21754,9749,4,
,09:37:46,21755,21746,21751,9752,3,
,09:37:46,21755,21746,21751,9756,4,
,09:37:47,21755,21746,21751,9757,1,
,09:37:47,21755,21746,21751,9759,2,
,09:37:48,21755,21746,21751,9759,2,
,09:37:48,21755,21746,21751,9760,1,
,09:37:49,21755,21746,21751,9760,1,
,09:37:50,21755,21746,21751,9760,1,
,09:37:50,21755,21746,21750,9761,1,
,09:37:51,21755,21746,21750,9761,1,
,09:37:51,21755,21746,21751,9764,3,
,09:37:52,21755,21746,21750,9770,6,
,09:37:53,21755,21746,21750,9770,6,
,09:37:53,21755,21746,21749,9771,1,
,09:37:54,21755,21746,21749,9777,6,
,09:37:55,21755,21746,21749,9777,6,
,09:37:55,21755,21746,21747,9784,7,
,09:37:56,21755,21746,21747,9784,7,
,09:37:57,21755,21746,21749,9792,8,
,09:37:58,21755,21746,21749,9792,8,
,09:37:58,21755,21746,21751,9795,3,
,09:37:59,21755,21746,21751,9795,3,
,09:38:00,21750,21750,21750,9796,1,
,09:38:00,21751,21749,21751,9804,8,
,09:38:01,21751,21749,21750,9805,1,
,09:38:02,21751,21749,21750,9806,1,
,09:38:02,21751,21749,21750,9809,3,
,09:38:03,21751,21749,21750,9809,3,
,09:38:03,21751,21749,21750,9810,1,
,09:38:04,21751,21749,21750,9810,1,
,09:38:04,21751,21749,21749,9812,2,
,09:38:05,21751,21749,21749,9812,2,
,09:38:05,21751,21749,21750,9815,3,
,09:38:06,21751,21749,21750,9815,3,
,09:38:06,21751,21749,21751,9817,2,
,09:38:07,21751,21749,21751,9817,2,
,09:38:07,21752,21749,21752,9818,1,
,09:38:08,21752,21749,21752,9818,1,
,09:38:08,21752,21749,21751,9821,3,
,09:38:09,21752,21749,21751,9821,3,
,09:38:09,21752,21749,21752,9824,3,
,09:38:10,21753,21749,21751,9830,6,
,09:38:11,21753,21749,21751,9831,1,
,09:38:12,21753,21749,21750,9832,1,
,09:38:12,21753,21749,21750,9832,1,
,09:38:14,21753,21749,21752,9836,4,
,09:38:15,21753,21749,21752,9836,4,
,09:38:15,21753,21749,21752,9837,1,
,09:38:16,21753,21749,21753,9840,3,
,09:38:16,21753,21749,21752,9845,5,
,09:38:17,21753,21749,21752,9845,5,
,09:38:18,21753,21749,21752,9846,1,
,09:38:18,21753,21749,21752,9849,3,
,09:38:19,21755,21749,21755,9859,10,
,09:38:20,21755,21749,21755,9859,10,
,09:38:20,21756,21749,21754,9861,2,
,09:38:21,21756,21749,21756,9862,1,
,09:38:21,21756,21749,21756,9864,2,
,09:38:22,21759,21749,21759,9877,13,
,09:38:23,21759,21749,21758,9878,1,
,09:38:23,21759,21749,21752,9914,36,
,09:38:24,21759,21749,21752,9914,36,
,09:38:24,21759,21749,21753,9916,2,
,09:38:25,21759,21749,21753,9916,2,
,09:38:25,21759,21749,21753,9918,2,
,09:38:26,21759,21749,21753,9919,1,
,09:38:26,21759,21749,21753,9920,1,
,09:38:27,21759,21749,21754,9923,3,
,09:38:28,21759,21749,21755,9925,2,
,09:38:28,21759,21749,21755,9926,1,
,09:38:29,21759,21749,21755,9926,1,
,09:38:30,21759,21749,21755,9927,1,
,09:38:30,21759,21749,21755,9932,5,
,09:38:31,21759,21749,21756,9933,1,
,09:38:31,21759,21749,21757,9936,3,
,09:38:32,21759,21749,21758,9939,3,
,09:38:32,21759,21749,21759,9944,5,
,09:38:33,21759,21749,21759,9944,5,
,09:38:33,21760,21749,21760,9948,4,
,09:38:34,21760,21749,21760,9948,4,
,09:38:34,21760,21749,21760,9951,3,
,09:38:35,21761,21749,21761,9958,7,
,09:38:36,21761,21749,21760,9959,1,
,09:38:36,21762,21749,21761,9966,7,
,09:38:37,21762,21749,21761,9971,5,
,09:38:38,21762,21749,21760,9974,3,
,09:38:39,21762,21749,21760,9975,1,
,09:38:39,21762,21749,21760,9981,6,
,09:38:40,21762,21749,21760,9981,6,
,09:38:40,21762,21749,21759,9985,4,
,09:38:41,21762,21749,21759,9989,4,
,09:38:42,21762,21749,21758,9992,3,
,09:38:43,21762,21749,21758,9992,3,
,09:38:43,21762,21749,21759,9994,2,
,09:38:44,21762,21749,21759,9999,5,
,09:38:45,21762,21749,21759,9999,5,
,09:38:45,21762,21749,21759,10001,2,
,09:38:46,21762,21749,21760,10003,2,
,09:38:46,21762,21749,21758,10004,1,
,09:38:47,21762,21749,21759,10006,2,
,09:38:47,21762,21749,21759,10006,2,
,09:38:48,21762,21749,21756,10012,6,
,09:38:49,21762,21749,21756,10012,6,
,09:38:49,21762,21749,21755,10020,8,
,09:38:50,21762,21749,21753,10021,1,
,09:38:51,21762,21749,21757,10041,20,
,09:38:52,21762,21749,21758,10043,2,
,09:38:53,21762,21749,21758,10051,8,
,09:38:54,21762,21749,21759,10056,5,
,09:38:55,21762,21749,21759,10056,5,
,09:38:56,21762,21749,21759,10056,5,
,09:38:56,21762,21749,21760,10060,4,
,09:38:57,21762,21749,21760,10060,4,
,09:38:57,21762,21749,21761,10062,2,
,09:38:58,21762,21749,21761,10062,2,
,09:38:58,21762,21749,21761,10064,2,
,09:38:59,21762,21749,21761,10064,2,
,09:38:59,21762,21749,21762,10072,8,
,09:39:00,21762,21762,21762,10072,8,
,09:39:00,21764,21762,21763,10077,5,
,09:39:01,21764,21762,21762,10084,7,
,09:39:02,21764,21762,21763,10095,11,
,09:39:03,21766,21762,21765,10115,20,
,09:39:04,21766,21760,21765,10170,55,
,09:39:05,21766,21760,21765,10170,55,
,09:39:05,21766,21760,21764,10174,4,
,09:39:06,21766,21760,21764,10174,4,
,09:39:06,21766,21760,21762,10178,4,
,09:39:07,21766,21760,21763,10184,6,
,09:39:08,21772,21760,21771,10254,70,
,09:39:09,21772,21760,21769,10286,32,
,09:39:10,21772,21760,21768,10290,4,
,09:39:11,21772,21760,21770,10303,13,
,09:39:12,21772,21760,21770,10303,13,
,09:39:12,21772,21760,21766,10316,13,
,09:39:13,21772,21760,21766,10316,13,
,09:39:13,21772,21760,21766,10320,4,
,09:39:14,21772,21760,21765,10322,2,
,09:39:14,21772,21760,21766,10324,2,
,09:39:15,21772,21760,21767,10325,1,
,09:39:15,21772,21760,21764,10346,21,
,09:39:16,21772,21760,21762,10351,5,
,09:39:17,21772,21760,21762,10351,5,
,09:39:17,21772,21760,21762,10459,108,
,09:39:18,21772,21760,21762,10459,108,
,09:39:19,21772,21760,21762,10459,108,
,09:39:19,21772,21760,21766,10468,9,
,09:39:20,21772,21760,21766,10468,9,
,09:39:20,21772,21760,21767,10472,4,
,09:39:21,21772,21760,21766,10473,1,
,09:39:21,21772,21760,21766,10479,6,
,09:39:22,21772,21760,21766,10479,6,
,09:39:22,21772,21760,21769,10583,104,
,09:39:23,21772,21760,21768,10590,7,
,09:39:23,21772,21760,21770,10598,8,
,09:39:24,21772,21760,21767,10605,7,
,09:39:25,21772,21760,21767,10605,7,
,09:39:25,21772,21760,21769,10618,13,
,09:39:26,21772,21760,21769,10618,13,
,09:39:26,21772,21760,21769,10628,10,
,09:39:27,21772,21760,21767,10637,9,
,09:39:28,21772,21760,21767,10637,9,
,09:39:28,21772,21760,21768,10640,3,
,09:39:29,21772,21760,21767,10642,2,
,09:39:29,21772,21760,21767,10646,4,
,09:39:30,21772,21760,21767,10646,4,
,09:39:30,21772,21760,21768,10647,1,
,09:39:31,21772,21760,21767,10648,1,
,09:39:31,21772,21760,21768,10649,1,
,09:39:32,21772,21760,21768,10649,1,
,09:39:32,21772,21760,21765,10655,6,
,09:39:33,21772,21760,21768,10659,4,
,09:39:34,21772,21760,21767,10662,3,
,09:39:35,21772,21760,21766,10663,1,
,09:39:36,21772,21760,21768,10665,2,
,09:39:37,21772,21760,21768,10665,2,
,09:39:37,21772,21760,21768,10667,2,
,09:39:38,21772,21760,21767,10668,1,
,09:39:38,21772,21760,21767,10669,1,
,09:39:39,21772,21760,21764,10675,6,
,09:39:40,21772,21760,21762,10680,5,
,09:39:40,21772,21760,21762,10686,6,
,09:39:41,21772,21760,21761,10703,17,
,09:39:42,21772,21760,21761,10705,2,
,09:39:42,21772,21760,21761,10706,1,
,09:39:43,21772,21760,21761,10706,1,
,09:39:43,21772,21760,21760,10712,6,
,09:39:44,21772,21760,21760,10712,6,
,09:39:44,21772,21759,21759,10723,11,
,09:39:45,21772,21759,21760,10727,4,
,09:39:46,21772,21758,21758,10728,1,
,09:39:46,21772,21758,21758,10731,3,
,09:39:47,21772,21758,21760,10751,20,
,09:39:48,21772,21758,21760,10751,20,
,09:39:48,21772,21758,21761,10760,9,
,09:39:49,21772,21758,21760,10762,2,
,09:39:50,21772,21758,21759,10769,7,
,09:39:51,21772,21758,21759,10769,7,
,09:39:51,21772,21758,21760,10773,4,
,09:39:52,21772,21758,21759,10778,5,
,09:39:53,21772,21758,21759,10780,2,
,09:39:53,21772,21758,21759,10784,4,
,09:39:54,21772,21758,21759,10784,4,
,09:39:54,21772,21757,21757,10787,3,
,09:39:55,21772,21757,21757,10788,1,
,09:39:55,21772,21756,21756,10794,6,
,09:39:56,21772,21756,21756,10794,6,
,09:39:56,21772,21756,21759,10800,6,
,09:39:57,21772,21756,21761,10817,17,
,09:39:58,21772,21756,21761,10818,1,
,09:39:58,21772,21756,21762,10831,13,
,09:39:59,21772,21756,21764,10832,1,
,09:39:59,21772,21756,21761,10836,4,
,09:40:00,21761,21761,21761,10839,3,
,09:40:00,21764,21761,21764,10848,9,
,09:40:01,21764,21761,21761,10858,10,
,09:40:02,21764,21761,21761,10858,10,
,09:40:02,21764,21759,21759,10863,5,
,09:40:03,21764,21759,21759,10863,5,
,09:40:03,21764,21757,21757,10871,8,
,09:40:04,21764,21757,21757,10875,4,
,09:40:05,21764,21756,21756,10876,1,
,09:40:05,21764,21754,21755,10885,9,
,09:40:06,21764,21754,21755,10885,9,
,09:40:06,21764,21753,21753,10894,9,
,09:40:07,21764,21752,21752,10901,7,
,09:40:08,21764,21751,21751,10909,8,
,09:40:09,21764,21751,21751,10910,1,
,09:40:09,21764,21751,21751,10914,4,
,09:40:10,21764,21749,21749,10926,12,
,09:40:11,21764,21748,21748,10937,11,
,09:40:12,21764,21748,21749,10938,1,
,09:40:12,21764,21747,21748,10952,14,
,09:40:13,21764,21747,21749,10954,2,
,09:40:14,21764,21747,21752,10991,37,
,09:40:15,21764,21747,21752,10992,1,
,09:40:15,21764,21747,21750,10996,4,
,09:40:16,21764,21747,21752,11003,7,
,09:40:17,21764,21747,21752,11003,7,
,09:40:17,21764,21747,21750,11005,2,
,09:40:18,21764,21747,21749,11008,3,
,09:40:18,21764,21747,21748,11017,9,
,09:40:19,21764,21747,21748,11018,1,
,09:40:19,21764,21747,21749,11020,2,
,09:40:20,21764,21747,21749,11031,11,
,09:40:21,21764,21747,21749,11032,1,
,09:40:22,21764,21747,21751,11035,3,
,09:40:23,21764,21747,21751,11035,3,
,09:40:23,21764,21747,21748,11041,6,
,09:40:24,21764,21747,21748,11041,6,
,09:40:25,21764,21747,21750,11043,2,
,09:40:25,21764,21747,21750,11051,8,
,09:40:26,21764,21747,21751,11052,1,
,09:40:26,21764,21747,21750,11053,1,
,09:40:27,21764,21747,21752,11054,1,
,09:40:27,21764,21747,21750,11056,2,
,09:40:28,21764,21747,21749,11058,2,
,09:40:29,21764,21747,21750,11060,2,
,09:40:29,21764,21747,21750,11066,6,
,09:40:30,21764,21747,21749,11067,1,
,09:40:30,21764,21747,21749,11068,1,
,09:40:31,21764,21747,21749,11068,1,
,09:40:32,21764,21747,21749,11068,1,
,09:40:32,21764,21747,21748,11071,3,
,09:40:33,21764,21747,21750,11072,1,
,09:40:33,21764,21747,21749,11073,1,
,09:40:34,21764,21747,21749,11073,1,
,09:40:34,21764,21747,21749,11078,5,
,09:40:35,21764,21747,21750,11086,8,
,09:40:36,21764,21747,21752,11089,3,
,09:40:37,21764,21747,21752,11090,1,
,09:40:37,21764,21747,21750,11093,3,
,09:40:38,21764,21747,21751,11094,1,
,09:40:38,21764,21747,21752,11096,2,
,09:40:39,21764,21747,21749,11106,10,
,09:40:39,21764,21747,21751,11111,5,
,09:40:40,21764,21747,21751,11112,1,
,09:40:41,21764,21747,21752,11115,3,
,09:40:41,21764,21747,21751,11123,8,
,09:40:42,21764,21747,21751,11123,8,
,09:40:43,21764,21747,21750,11125,2,
,09:40:44,21764,21747,21750,11125,2,
,09:40:45,21764,21747,21752,11128,3,
,09:40:45,21764,21747,21752,11134,6,
,09:40:46,21764,21747,21752,11136,2,
,09:40:46,21764,21747,21754,11139,3,
,09:40:47,21764,21747,21754,11140,1,
,09:40:48,21764,21747,21754,11140,1,
,09:40:48,21764,21747,21753,11141,1,
,09:40:49,21764,21747,21754,11142,1,
,09:40:50,21764,21747,21754,11143,1,
,09:40:50,21764,21747,21753,11144,1,
,09:40:51,21764,21747,21753,11144,1,
,09:40:51,21764,21747,21751,11145,1,
,09:40:52,21764,21747,21751,11145,1,
,09:40:53,21764,21747,21751,11145,1,
,09:40:53,21764,21747,21752,11149,4,
,09:40:54,21764,21747,21752,11149,4,
,09:40:54,21764,21747,21754,11158,9,
,09:40:55,21764,21747,21754,11158,9,
,09:40:55,21764,21747,21757,11169,11,
,09:40:56,21764,21747,21757,11169,11,
,09:40:56,21764,21747,21758,11172,3,
,09:40:57,21764,21747,21758,11173,1,
,09:40:57,21764,21747,21757,11176,3,
,09:40:58,21764,21747,21757,11176,3,
,09:40:58,21764,21747,21757,11183,7,
,09:40:59,21764,21747,21757,11183,7,
,09:40:59,21764,21747,21756,11186,3,
,09:41:00,21756,21756,21756,11186,3,
,09:41:00,21756,21756,21756,11187,1,
,09:41:01,21756,21755,21755,11190,3,
,09:41:02,21756,21755,21755,11190,3,
,09:41:02,21756,21754,21754,11206,16,
,09:41:03,21756,21754,21754,11206,16,
,09:41:04,21756,21754,21754,11206,16,
,09:41:04,21756,21754,21754,11209,3,
,09:41:05,21756,21754,21754,11209,3,
,09:41:05,21756,21754,21754,11210,1,
,09:41:06,21756,21754,21756,11215,5,
,09:41:07,21756,21754,21756,11215,5,
,09:41:07,21756,21754,21756,11220,5,
,09:41:09,21756,21754,21755,11223,3,
,09:41:10,21757,21754,21756,11225,2,
,09:41:11,21757,21754,21757,11226,1,
,09:41:11,21759,21754,21758,11246,20,
,09:41:12,21759,21754,21757,11250,4,
,09:41:13,21759,21754,21757,11251,1,
,09:41:13,21759,21754,21757,11251,1,
,09:41:14,21759,21754,21756,11256,5,
,09:41:15,21759,21754,21756,11256,5,
,09:41:15,21759,21753,21753,11265,9,
,09:41:16,21759,21753,21754,11268,3,
,09:41:17,21759,21753,21754,11268,3,
,09:41:17,21759,21753,21754,11268,3,
,09:41:18,21759,21753,21755,11269,1,
,09:41:18,21759,21753,21756,11282,13,
,09:41:19,21759,21753,21756,11282,13,
,09:41:19,21759,21753,21759,11285,3,
,09:41:20,21759,21753,21759,11285,3,
,09:41:22,21759,21753,21758,11286,1,
,09:41:23,21759,21753,21758,11286,1,
,09:41:23,21759,21753,21758,11288,2,
,09:41:24,21759,21753,21757,11290,2,
,09:41:25,21759,21753,21757,11290,2,
,09:41:27,21759,21753,21757,11290,2,
,09:41:28,21759,21753,21757,11290,2,
,09:41:29,21759,21753,21757,11290,2,
,09:41:29,21759,21753,21754,11304,14,
,09:41:30,21759,21753,21754,11305,1,
,09:41:31,21759,21753,21754,11305,1,
,09:41:31,21759,21753,21755,11308,3,
,09:41:33,21759,21753,21755,11308,3,
,09:41:33,21759,21753,21754,11309,1,
,09:41:34,21759,21753,21753,11311,2,
,09:41:35,21759,21752,21752,11312,1,
,09:41:36,21759,21752,21752,11312,1,
,09:41:36,21759,21752,21753,11320,8,
,09:41:37,21759,21752,21753,11322,2,
,09:41:38,21759,21752,21753,11322,2,
,09:41:38,21759,21752,21754,11323,1,
,09:41:39,21759,21752,21753,11326,3,
,09:41:40,21759,21752,21753,11326,3,
,09:41:40,21759,21752,21753,11327,1,
,09:41:42,21759,21752,21752,11330,3,
,09:41:43,21759,21752,21752,11335,5,
,09:41:44,21759,21752,21752,11335,5,
,09:41:44,21759,21749,21749,11339,4,
,09:41:45,21759,21749,21749,11339,4,
,09:41:45,21759,21749,21749,11342,3,
,09:41:46,21759,21748,21748,11343,1,
,09:41:46,21759,21748,21750,11348,5,
,09:41:47,21759,21748,21750,11348,5,
,09:41:47,21759,21748,21749,11350,2,
,09:41:48,21759,21748,21749,11350,2,
,09:41:48,21759,21748,21749,11352,2,
,09:41:49,21759,21748,21751,11355,3,
,09:41:50,21759,21748,21751,11356,1,
,09:41:50,21759,21748,21749,11357,1,
,09:41:51,21759,21748,21749,11358,1,
,09:41:51,21759,21748,21751,11361,3,
,09:41:52,21759,21748,21751,11361,3,
,09:41:52,21759,21748,21750,11363,2,
,09:41:53,21759,21748,21750,11363,2,
,09:41:53,21759,21748,21750,11363,2,
,09:41:54,21759,21748,21750,11364,1,
,09:41:55,21759,21748,21750,11364,1,
,09:41:55,21759,21748,21750,11365,1,
,09:41:56,21759,21748,21750,11365,1,
,09:41:56,21759,21748,21750,11367,2,
,09:41:57,21759,21748,21751,11372,5,
,09:41:58,21759,21748,21751,11372,5,
,09:41:59,21759,21746,21746,11394,22,
,09:42:00,21746,21746,21746,11394,22,
,09:42:00,21748,21746,21746,11404,10,
,09:42:01,21748,21746,21746,11405,1,
,09:42:01,21748,21746,21747,11406,1,
,09:42:02,21748,21746,21747,11406,1,
,09:42:02,21748,21746,21748,11409,3,
,09:42:03,21748,21745,21745,11415,6,
,09:42:04,21748,21745,21746,11416,1,
,09:42:04,21748,21745,21745,11418,2,
,09:42:05,21748,21745,21745,11418,2,
,09:42:05,21748,21745,21746,11420,2,
,09:42:06,21748,21745,21746,11420,2,
,09:42:06,21748,21745,21746,11423,3,
,09:42:07,21748,21745,21747,11425,2,
,09:42:07,21748,21745,21747,11428,3,
,09:42:08,21748,21745,21747,11429,1,
,09:42:08,21748,21745,21746,11430,1,
,09:42:09,21748,21745,21746,11431,1,
,09:42:09,21748,21745,21747,11434,3,
,09:42:10,21748,21745,21746,11436,2,
,09:42:10,21748,21745,21748,11444,8,
,09:42:11,21748,21745,21748,11444,8,
,09:42:11,21748,21745,21748,11447,3,
,09:42:12,21749,21745,21748,11462,15,
,09:42:13,21750,21745,21750,11463,1,
,09:42:13,21750,21745,21750,11466,3,
,09:42:14,21750,21745,21749,11471,5,
,09:42:15,21750,21745,21750,11473,2,
,09:42:16,21750,21745,21750,11488,15,
,09:42:17,21750,21745,21750,11488,15,
,09:42:17,21750,21745,21750,11488,15,
,09:42:18,21750,21745,21750,11490,2,
,09:42:19,21750,21745,21749,11492,2,
,09:42:20,21750,21745,21749,11493,1,
,09:42:21,21750,21745,21748,11496,3,
,09:42:22,21750,21745,21748,11496,3,
,09:42:22,21750,21745,21747,11499,3,
,09:42:23,21750,21745,21747,11499,3,
,09:42:23,21750,21745,21747,11501,2,
,09:42:24,21750,21745,21747,11503,2,
,09:42:25,21750,21745,21748,11504,1,
,09:42:25,21750,21745,21748,11504,1,
,09:42:27,21750,21745,21748,11504,1,
,09:42:28,21750,21745,21748,11504,1,
,09:42:28,21750,21745,21747,11505,1,
,09:42:29,21750,21745,21747,11512,7,
,09:42:30,21750,21745,21747,11512,7,
,09:42:30,21750,21745,21748,11527,15,
,09:42:31,21750,21745,21747,11529,2,
,09:42:32,21750,21745,21748,11530,1,
,09:42:32,21750,21745,21749,11535,5,
,09:42:33,21750,21745,21749,11535,5,
,09:42:34,21751,21745,21750,11542,7,
,09:42:35,21751,21745,21750,11542,7,
,09:42:36,21751,21745,21750,11542,7,
,09:42:36,21751,21745,21751,11548,6,
,09:42:37,21751,21745,21750,11549,1,
,09:42:38,21751,21745,21750,11549,1,
,09:42:38,21751,21745,21750,11549,1,
,09:42:39,21751,21745,21750,11549,1,
,09:42:39,21751,21745,21751,11551,2,
,09:42:40,21751,21745,21751,11551,2,
,09:42:40,21751,21745,21749,11552,1,
,09:42:41,21751,21745,21750,11554,2,
,09:42:41,21752,21745,21752,11557,3,
,09:42:42,21752,21745,21750,11558,1,
,09:42:43,21752,21745,21750,11559,1,
,09:42:44,21752,21745,21750,11559,1,
,09:42:45,21752,21745,21750,11562,3,
,09:42:45,21752,21745,21749,11563,1,
,09:42:46,21752,21745,21749,11564,1,
,09:42:47,21752,21745,21748,11565,1,
,09:42:47,21752,21745,21747,11569,4,
,09:42:48,21752,21745,21747,11569,4,
,09:42:48,21752,21745,21749,11570,1,
,09:42:49,21752,21745,21750,11572,2,
,09:42:49,21752,21745,21751,11574,2,
,09:42:50,21752,21745,21751,11574,2,
,09:42:50,21752,21745,21750,11577,3,
,09:42:51,21752,21745,21750,11577,3,
,09:42:52,21752,21745,21750,11577,3,
,09:42:52,21752,21745,21750,11584,7,
,09:42:53,21752,21745,21750,11584,7,
,09:42:54,21752,21745,21750,11584,7,
,09:42:55,21752,21745,21749,11585,1,
,09:42:55,21752,21745,21749,11587,2,
,09:42:56,21752,21745,21750,11588,1,
,09:42:57,21752,21745,21750,11588,1,
,09:42:58,21752,21745,21751,11602,14,
,09:42:59,21752,21745,21751,11602,14,
,09:43:00,21751,21751,21751,11602,14,
,09:43:00,21751,21749,21749,11603,1,
,09:43:01,21751,21749,21751,11604,1,
,09:43:01,21751,21749,21751,11605,1,
,09:43:02,21752,21749,21752,11611,6,
,09:43:03,21754,21749,21754,11616,5,
,09:43:04,21754,21749,21754,11616,5,
,09:43:04,21754,21749,21753,11618,2,
,09:43:05,21754,21749,21753,11618,2,
,09:43:05,21754,21749,21753,11618,2,
,09:43:07,21754,21749,21753,11626,8,
,09:43:08,21754,21749,21752,11632,6,
,09:43:09,21754,21749,21751,11633,1,
,09:43:09,21754,21749,21751,11638,5,
,09:43:10,21754,21749,21751,11638,5,
,09:43:11,21754,21749,21751,11638,5,
,09:43:11,21754,21749,21751,11639,1,
,09:43:12,21754,21749,21751,11639,1,
,09:43:14,21754,21749,21751,11639,1,
,09:43:14,21754,21749,21753,11650,11,
,09:43:15,21754,21749,21753,11650,11,
,09:43:15,21754,21749,21753,11651,1,
,09:43:17,21754,21749,21753,11651,1,
,09:43:18,21754,21749,21753,11652,1,
,09:43:18,21754,21749,21753,11653,1,
,09:43:19,21754,21749,21754,11654,1,
,09:43:19,21754,21749,21754,11656,2,
,09:43:20,21754,21749,21754,11656,2,
,09:43:20,21755,21749,21755,11657,1,
,09:43:21,21755,21749,21754,11662,5,
,09:43:22,21755,21749,21754,11663,1,
,09:43:22,21756,21749,21753,11667,4,
,09:43:23,21756,21749,21753,11667,4,
,09:43:23,21756,21749,21754,11668,1,
,09:43:25,21756,21749,21754,11668,1,
,09:43:26,21756,21749,21754,11669,1,
,09:43:26,21756,21749,21754,11669,1,
,09:43:28,21756,21749,21751,11689,20,
,09:43:29,21756,21749,21750,11690,1,
,09:43:29,21756,21749,21751,11692,2,
,09:43:30,21756,21749,21751,11693,1,
,09:43:30,21756,21749,21750,11694,1,
,09:43:31,21756,21749,21751,11695,1,
,09:43:32,21756,21749,21751,11696,1,
,09:43:32,21756,21749,21752,11698,2,
,09:43:33,21756,21749,21751,11699,1,
,09:43:33,21756,21749,21751,11700,1,
,09:43:34,21756,21749,21751,11700,1,
,09:43:34,21756,21749,21752,11711,11,
,09:43:35,21756,21749,21752,11711,11,
,09:43:35,21756,21749,21753,11712,1,
,09:43:36,21756,21749,21753,11712,1,
,09:43:37,21756,21749,21753,11713,1,
,09:43:37,21756,21749,21753,11713,1,
,09:43:38,21756,21749,21753,11714,1,
,09:43:39,21756,21749,21753,11714,1,
,09:43:39,21756,21749,21752,11716,2,
,09:43:40,21756,21749,21752,11716,2,
,09:43:40,21756,21749,21751,11724,8,
,09:43:41,21756,21749,21749,11731,7,
,09:43:41,21756,21749,21750,11733,2,
,09:43:42,21756,21749,21751,11742,9,
,09:43:43,21756,21749,21750,11745,3,
,09:43:44,21756,21749,21750,11745,3,
,09:43:44,21756,21749,21750,11745,3,
,09:43:46,21756,21749,21751,11746,1,
,09:43:49,21756,21749,21751,11746,1,
,09:43:49,21756,21749,21750,11752,6,
,09:43:50,21756,21749,21750,11752,6,
,09:43:50,21756,21748,21748,11760,8,
,09:43:51,21756,21748,21750,11762,2,
,09:43:51,21756,21748,21749,11763,1,
,09:43:52,21756,21748,21749,11763,1,
,09:43:52,21756,21748,21750,11768,5,
,09:43:53,21756,21748,21749,11769,1,
,09:43:54,21756,21748,21749,11769,1,
,09:43:54,21756,21748,21749,11771,2,
,09:43:56,21756,21748,21749,11772,1,
,09:43:57,21756,21748,21749,11773,1,
,09:43:57,21756,21748,21749,11775,2,
,09:43:58,21756,21748,21749,11775,2,
,09:43:59,21756,21748,21748,11776,1,
,09:44:00,21748,21748,21748,11776,1,
,09:44:00,21748,21748,21748,11776,1,
,09:44:01,21748,21748,21748,11776,1,
,09:44:01,21748,21748,21748,11777,1,
,09:44:02,21749,21748,21749,11779,2,
,09:44:03,21749,21748,21749,11779,2,
,09:44:03,21750,21748,21749,11785,6,
,09:44:05,21750,21748,21748,11787,2,
,09:44:06,21750,21747,21747,11791,4,
,09:44:07,21750,21747,21749,11799,8,
,09:44:08,21750,21747,21749,11799,8,
,09:44:08,21750,21747,21747,11801,2,
,09:44:09,21750,21747,21749,11802,1,
,09:44:09,21750,21747,21749,11802,1,
,09:44:10,21750,21747,21748,11803,1,
,09:44:10,21750,21747,21748,11804,1,
,09:44:11,21750,21747,21748,11804,1,
,09:44:11,21750,21747,21748,11805,1,
,09:44:12,21750,21747,21748,11805,1,
,09:44:12,21750,21747,21748,11806,1,
,09:44:13,21750,21747,21749,11807,1,
,09:44:14,21750,21747,21749,11807,1,
,09:44:14,21750,21747,21749,11808,1,
,09:44:15,21750,21747,21748,11817,9,
,09:44:16,21750,21747,21748,11817,9,
,09:44:16,21750,21745,21747,11829,12,
,09:44:17,21750,21745,21746,11833,4,
,09:44:18,21750,21745,21746,11834,1,
,09:44:18,21750,21745,21745,11841,7,
,09:44:19,21750,21745,21745,11842,1,
,09:44:19,21750,21744,21744,11846,4,
,09:44:20,21750,21744,21745,11847,1,
,09:44:20,21750,21743,21743,11859,12,
,09:44:21,21750,21743,21743,11860,1,
,09:44:21,21750,21740,21740,11902,42,
,09:44:22,21750,21740,21741,11918,16,
,09:44:23,21750,21740,21740,11919,1,
,09:44:23,21750,21740,21742,11932,13,
,09:44:24,21750,21740,21740,11933,1,
,09:44:24,21750,21740,21742,11940,7,
,09:44:25,21750,21740,21743,11950,10,
,09:44:26,21750,21740,21743,11952,2,
,09:44:27,21750,21740,21742,11954,2,
,09:44:27,21750,21740,21745,11958,4,
,09:44:28,21750,21740,21745,11959,1,
,09:44:28,21750,21740,21745,11963,4,
,09:44:29,21750,21740,21743,11964,1,
,09:44:29,21750,21740,21745,11967,3,
,09:44:30,21750,21740,21745,11968,1,
,09:44:30,21750,21740,21745,11972,4,
,09:44:31,21750,21740,21745,11980,8,
,09:44:32,21750,21740,21745,11980,8,
,09:44:33,21750,21740,21746,11981,1,
,09:44:34,21750,21740,21747,11982,1,
,09:44:34,21750,21740,21747,11984,2,
,09:44:35,21750,21740,21747,11985,1,
,09:44:35,21750,21740,21749,12008,23,
,09:44:36,21750,21740,21749,12022,14,
,09:44:37,21752,21740,21751,12037,15,
,09:44:38,21752,21740,21750,12038,1,
,09:44:38,21752,21740,21752,12040,2,
,09:44:39,21752,21740,21750,12043,3,
,09:44:40,21752,21740,21750,12043,3,
,09:44:40,21753,21740,21752,12047,4,
,09:44:41,21753,21740,21752,12048,1,
,09:44:41,21754,21740,21753,12066,18,
,09:44:42,21754,21740,21754,12074,8,
,09:44:43,21754,21740,21752,12078,4,
,09:44:44,21754,21740,21752,12078,4,
,09:44:44,21754,21740,21753,12079,1,
,09:44:45,21754,21740,21753,12080,1,
,09:44:45,21755,21740,21755,12086,6,
,09:44:46,21755,21740,21755,12086,6,
,09:44:46,21756,21740,21756,12090,4,
,09:44:47,21756,21740,21756,12090,4,
,09:44:47,21758,21740,21757,12106,16,
,09:44:48,21758,21740,21757,12106,16,
,09:44:48,21758,21740,21757,12107,1,
,09:44:49,21758,21740,21757,12107,1,
,09:44:49,21758,21740,21757,12117,10,
,09:44:50,21758,21740,21758,12123,6,
,09:44:51,21758,21740,21758,12123,6,
,09:44:51,21758,21740,21757,12135,12,
,09:44:52,21758,21740,21757,12138,3,
,09:44:53,21758,21740,21757,12138,3,
,09:44:53,21758,21740,21757,12139,1,
,09:44:54,21758,21740,21757,12139,1,
,09:44:54,21758,21740,21757,12146,7,
,09:44:55,21758,21740,21758,12149,3,
,09:44:56,21758,21740,21758,12149,3,
,09:44:56,21758,21740,21758,12156,7,
,09:44:57,21759,21740,21759,12157,1,
,09:44:57,21759,21740,21759,12163,6,
,09:44:58,21759,21740,21759,12163,6,
,09:44:58,21759,21740,21758,12170,7,
,09:44:59,21759,21740,21758,12170,7,
,09:44:59,21759,21740,21756,12179,9,
,09:45:00,21757,21757,21757,12181,2,
,09:45:00,21763,21757,21763,12229,48,
,09:45:01,21763,21757,21761,12245,16,
,09:45:02,21763,21757,21762,12246,1,
,09:45:02,21763,21757,21758,12270,24,
,09:45:03,21763,21757,21758,12270,24,
,09:45:03,21763,21756,21758,12286,16,
,09:45:04,21763,21756,21757,12287,1,
,09:45:04,21763,21756,21756,12304,17,
,09:45:05,21763,21756,21758,12323,19,
,09:45:06,21763,21756,21758,12323,19,
,09:45:06,21763,21756,21759,12329,6,
,09:45:07,21763,21756,21759,12329,6,
,09:45:07,21763,21756,21759,12340,11,
,09:45:08,21763,21756,21759,12340,11,
,09:45:08,21763,21756,21759,12345,5,
,09:45:09,21763,21756,21759,12345,5,
,09:45:09,21763,21756,21759,12349,4,
,09:45:10,21763,21756,21759,12357,8,
,09:45:11,21763,21756,21761,12358,1,
,09:45:11,21763,21756,21760,12363,5,
,09:45:12,21763,21756,21762,12364,1,
,09:45:12,21763,21756,21762,12368,4,
,09:45:13,21763,21756,21761,12369,1,
,09:45:13,21763,21756,21761,12375,6,
,09:45:14,21763,21756,21761,12375,6,
,09:45:14,21763,21756,21763,12384,9,
,09:45:15,21763,21756,21763,12386,2,
,09:45:15,21767,21756,21765,12417,31,
,09:45:16,21767,21756,21765,12434,17,
,09:45:17,21767,21756,21764,12440,6,
,09:45:17,21767,21756,21764,12450,10,
,09:45:18,21767,21756,21762,12451,1,
,09:45:18,21767,21756,21764,12458,7,
,09:45:19,21767,21756,21762,12459,1,
,09:45:19,21767,21756,21763,12476,17,
,09:45:20,21767,21756,21763,12480,4,
,09:45:21,21767,21756,21763,12480,4,
,09:45:21,21767,21756,21764,12486,6,
,09:45:22,21767,21756,21764,12487,1,
,09:45:22,21767,21756,21764,12499,12,
,09:45:23,21767,21756,21764,12499,12,
,09:45:24,21767,21756,21762,12514,15,
,09:45:25,21767,21756,21762,12514,15,
,09:45:25,21767,21756,21760,12519,5,
,09:45:26,21767,21756,21760,12519,5,
,09:45:26,21767,21756,21763,12520,1,
,09:45:27,21767,21756,21764,12522,2,
,09:45:28,21767,21756,21765,12529,7,
,09:45:29,21767,21756,21765,12529,7,
,09:45:29,21767,21756,21763,12532,3,
,09:45:30,21767,21756,21763,12532,3,
,09:45:30,21767,21756,21762,12539,7,
,09:45:31,21767,21756,21761,12542,3,
,09:45:32,21767,21756,21759,12543,1,
,09:45:32,21767,21756,21759,12548,5,
,09:45:33,21767,21756,21759,12548,5,
,09:45:33,21767,21756,21761,12549,1,
,09:45:34,21767,21756,21761,12549,1,
,09:45:34,21767,21756,21762,12555,6,
,09:45:35,21767,21756,21762,12555,6,
,09:45:36,21767,21756,21762,12555,6,
,09:45:37,21767,21756,21762,12556,1,
,09:45:37,21767,21756,21763,12558,2,
,09:45:38,21767,21756,21762,12560,2,
,09:45:39,21767,21756,21762,12560,2,
,09:45:40,21767,21756,21764,12565,5,
,09:45:41,21767,21756,21763,12566,1,
,09:45:41,21767,21756,21763,12566,1,
,09:45:42,21767,21756,21763,12568,2,
,09:45:43,21767,21756,21763,12569,1,
,09:45:43,21767,21756,21764,12571,2,
,09:45:44,21767,21756,21763,12572,1,
,09:45:44,21767,21756,21765,12575,3,
,09:45:45,21767,21756,21765,12575,3,
,09:45:45,21767,21756,21764,12576,1,
,09:45:46,21767,21756,21765,12586,10,
,09:45:47,21767,21756,21765,12586,10,
,09:45:48,21767,21756,21763,12587,1,
,09:45:49,21767,21756,21764,12588,1,
,09:45:49,21767,21756,21763,12591,3,
,09:45:50,21767,21756,21764,12592,1,
,09:45:50,21767,21756,21763,12593,1,
,09:45:51,21767,21756,21763,12593,1,
,09:45:51,21767,21756,21764,12596,3,
,09:45:52,21767,21756,21764,12596,3,
,09:45:52,21767,21756,21764,12596,3,
,09:45:54,21767,21756,21764,12597,1,
,09:45:54,21767,21756,21766,12605,8,
,09:45:55,21767,21756,21766,12605,8,
,09:45:55,21767,21756,21767,12610,5,
,09:45:56,21767,21756,21767,12610,5,
,09:45:56,21767,21756,21767,12612,2,
,09:45:57,21767,21756,21767,12612,2,
,09:45:57,21768,21756,21766,12650,38,
,09:45:58,21768,21756,21766,12657,7,
,09:45:58,21770,21756,21767,12681,24,
,09:45:59,21770,21756,21767,12683,2,
,09:45:59,21770,21756,21768,12697,14,
,09:46:00,21768,21768,21768,12698,1,
,09:46:00,21768,21767,21768,12705,7,
,09:46:01,21768,21766,21766,12706,1,
,09:46:01,21768,21766,21767,12709,3,
,09:46:02,21777,21766,21776,12874,165,
,09:46:03,21779,21766,21776,12914,40,
,09:46:04,21779,21766,21777,12917,3,
,09:46:04,21780,21766,21780,12935,18,
,09:46:05,21781,21766,21780,12999,64,
,09:46:06,21783,21766,21781,13025,26,
,09:46:07,21783,21766,21782,13026,1,
