,09:14:00,9027,9027,9027,74,74,
,09:14:00,9027,9027,9027,74,74,
,09:15:00,9027,9027,9027,74,74,
,09:15:00,9027,9022,9022,94,20,
,09:15:01,9027,9022,9022,95,1,
,09:15:01,9028,9018,9026,117,22,
,09:15:02,9028,9018,9026,117,22,
,09:15:02,9028,9016,9016,118,1,
,09:15:03,9028,9016,9021,121,3,
,09:15:04,9028,9016,9021,121,3,
,09:15:04,9028,9013,9013,133,12,
,09:15:05,9028,9013,9013,133,12,
,09:15:05,9028,9010,9010,153,20,
,09:15:06,9028,9009,9011,195,42,
,09:15:07,9028,9009,9011,203,8,
,09:15:08,9028,9009,9013,256,53,
,09:15:09,9028,9009,9015,257,1,
,09:15:09,9028,9009,9017,259,2,
,09:15:10,9028,9009,9017,259,2,
,09:15:11,9028,9009,9014,260,1,
,09:15:11,9028,9009,9013,261,1,
,09:15:12,9028,9009,9013,261,1,
,09:15:12,9028,9009,9014,299,38,
,09:15:13,9028,9009,9017,300,1,
,09:15:13,9028,9009,9016,303,3,
,09:15:14,9028,9009,9016,303,3,
,09:15:14,9028,9009,9015,308,5,
,09:15:15,9028,9009,9015,315,7,
,09:15:16,9028,9009,9016,325,10,
,09:15:17,9028,9009,9016,325,10,
,09:15:17,9028,9009,9017,331,6,
,09:15:18,9028,9009,9017,331,6,
,09:15:18,9028,9009,9014,337,6,
,09:15:19,9028,9009,9015,341,4,
,09:15:20,9028,9009,9015,341,4,
,09:15:21,9028,9009,9016,346,5,
,09:15:22,9028,9009,9011,368,22,
,09:15:23,9028,9009,9010,370,2,
,09:15:23,9028,9009,9011,373,3,
,09:15:24,9028,9009,9011,373,3,
,09:15:24,9028,9009,9011,373,3,
,09:15:26,9028,9009,9012,377,4,
,09:15:27,9028,9009,9012,377,4,
,09:15:28,9028,9009,9012,377,4,
,09:15:28,9028,9009,9013,378,1,
,09:15:29,9028,9009,9011,379,1,
,09:15:29,9028,9009,9011,379,1,
,09:15:30,9028,9009,9011,379,1,
,09:15:31,9028,9009,9011,379,1,
,09:15:32,9028,9009,9012,380,1,
,09:15:32,9028,9009,9012,381,1,
,09:15:33,9028,9009,9012,381,1,
,09:15:33,9028,9009,9010,385,4,
,09:15:34,9028,9009,9010,389,4,
,09:15:35,9028,9009,9010,389,4,
,09:15:35,9028,9009,9010,396,7,
,09:15:36,9028,9009,9010,397,1,
,09:15:36,9028,9009,9010,410,13,
,09:15:37,9028,9009,9010,410,13,
,09:15:37,9028,9009,9010,414,4,
,09:15:38,9028,9008,9010,426,12,
,09:15:39,9028,9008,9010,431,5,
,09:15:39,9028,9008,9010,435,4,
,09:15:40,9028,9008,9010,435,4,
,09:15:40,9028,9008,9011,437,2,
,09:15:41,9028,9008,9011,442,5,
,09:15:42,9028,9008,9012,445,3,
,09:15:43,9028,9008,9012,451,6,
,09:15:44,9028,9008,9010,453,2,
,09:15:45,9028,9008,9012,464,11,
,09:15:46,9028,9008,9012,464,11,
,09:15:47,9028,9008,9012,465,1,
,09:15:47,9028,9008,9009,501,36,
,09:15:48,9028,9008,9009,501,36,
,09:15:48,9028,9008,9010,502,1,
,09:15:49,9028,9008,9008,517,15,
,09:15:50,9028,9007,9008,560,43,
,09:15:51,9028,9007,9007,561,1,
,09:15:51,9028,9007,9008,563,2,
,09:15:52,9028,9007,9007,573,10,
,09:15:53,9028,9007,9008,575,2,
,09:15:53,9028,9007,9009,576,1,
,09:15:54,9028,9007,9009,577,1,
,09:15:55,9028,9007,9008,578,1,
,09:15:56,9028,9007,9008,579,1,
,09:15:57,9028,9007,9008,579,1,
,09:15:57,9028,9007,9008,583,4,
,09:15:58,9028,9007,9008,583,4,
,09:15:59,9028,9007,9008,583,4,
,09:15:59,9028,9007,9010,588,5,
,09:16:00,9011,9011,9011,589,1,
,09:16:00,9011,9010,9011,604,15,
,09:16:01,9011,9008,9009,617,13,
,09:16:02,9011,9008,9009,617,13,
,09:16:02,9011,9008,9011,624,7,
,09:16:03,9011,9008,9011,625,1,
,09:16:03,9011,9008,9011,625,1,
,09:16:05,9011,9008,9011,625,1,
,09:16:06,9011,9008,9011,625,1,
,09:16:06,9012,9008,9012,638,13,
,09:16:07,9013,9008,9013,639,1,
,09:16:07,9014,9008,9014,642,3,
,09:16:08,9014,9008,9014,642,3,
,09:16:08,9014,9008,9012,646,4,
,09:16:09,9014,9008,9012,646,4,
,09:16:10,9014,9008,9013,647,1,
,09:16:10,9016,9008,9016,672,25,
,09:16:11,9016,9008,9015,674,2,
,09:16:12,9016,9008,9015,674,2,
,09:16:13,9016,9008,9015,674,2,
,09:16:13,9016,9008,9014,675,1,
,09:16:14,9016,9008,9014,675,1,
,09:16:14,9016,9008,9014,678,3,
,09:16:15,9016,9008,9014,678,3,
,09:16:15,9016,9008,9016,683,5,
,09:16:16,9016,9008,9016,683,5,
,09:16:16,9016,9008,9016,684,1,
,09:16:17,9016,9008,9016,698,14,
,09:16:18,9016,9008,9016,698,14,
,09:16:18,9022,9008,9020,783,85,
,09:16:19,9023,9008,9022,821,38,
,09:16:20,9023,9008,9022,824,3,
,09:16:21,9023,9008,9023,826,2,
,09:16:21,9023,9008,9022,836,10,
,09:16:22,9023,9008,9022,836,10,
,09:16:22,9023,9008,9022,840,4,
,09:16:23,9023,9008,9022,840,4,
,09:16:24,9023,9008,9022,840,4,
,09:16:25,9023,9008,9022,840,4,
,09:16:25,9023,9008,9021,848,8,
,09:16:26,9023,9008,9021,848,8,
,09:16:26,9023,9008,9015,912,64,
,09:16:27,9023,9008,9014,920,8,
,09:16:28,9023,9008,9016,922,2,
,09:16:29,9023,9008,9016,922,2,
,09:16:30,9023,9008,9014,926,4,
,09:16:31,9023,9008,9014,926,4,
,09:16:32,9023,9008,9012,943,17,
,09:16:33,9023,9008,9012,943,17,
,09:16:34,9023,9008,9012,943,17,
,09:16:34,9023,9008,9012,943,17,
,09:16:35,9023,9008,9011,946,3,
,09:16:36,9023,9008,9011,946,3,
,09:16:37,9023,9008,9011,946,3,
,09:16:38,9023,9008,9011,946,3,
,09:16:38,9023,9008,9011,946,3,
,09:16:39,9023,9008,9011,946,3,
,09:16:40,9023,9008,9011,946,3,
,09:16:40,9023,9008,9010,950,4,
,09:16:41,9023,9008,9010,950,4,
,09:16:41,9023,9008,9009,952,2,
,09:16:43,9023,9008,9009,952,2,
,09:16:44,9023,9008,9009,952,2,
,09:16:44,9023,9008,9011,955,3,
,09:16:45,9023,9008,9011,955,3,
,09:16:46,9023,9008,9011,955,3,
,09:16:47,9023,9008,9011,955,3,
,09:16:48,9023,9008,9011,955,3,
,09:16:48,9023,9008,9011,955,3,
,09:16:49,9023,9008,9011,955,3,
,09:16:50,9023,9008,9011,955,3,
,09:16:51,9023,9008,9010,960,5,
,09:16:52,9023,9008,9010,960,5,
,09:16:53,9023,9008,9010,960,5,
,09:16:54,9023,9008,9010,960,5,
,09:16:55,9023,9008,9010,960,5,
,09:16:56,9023,9008,9010,960,5,
,09:16:56,9023,9008,9012,969,9,
,09:16:57,9023,9008,9012,969,9,
,09:16:58,9023,9008,9012,969,9,
,09:16:58,9023,9008,9013,976,7,
,09:16:59,9023,9008,9013,976,7,
,09:17:00,9013,9013,9013,976,7,
,09:17:00,9014,9012,9014,993,17,
,09:17:01,9014,9012,9014,993,17,
,09:17:01,9015,9012,9014,1000,7,
,09:17:02,9017,9012,9017,1008,8,
,09:17:03,9017,9012,9017,1008,8,
,09:17:03,9017,9012,9017,1010,2,
,09:17:04,9017,9012,9017,1010,2,
,09:17:04,9017,9012,9017,1011,1,
,09:17:05,9017,9012,9017,1011,1,
,09:17:05,9017,9012,9017,1025,14,
,09:17:06,9017,9012,9017,1029,4,
,09:17:06,9019,9012,9019,1065,36,
,09:17:07,9019,9012,9019,1065,36,
,09:17:07,9020,9012,9019,1094,29,
,09:17:08,9020,9012,9019,1094,29,
,09:17:08,9020,9012,9020,1100,6,
,09:17:10,9020,9012,9018,1111,11,
,09:17:11,9020,9012,9018,1111,11,
,09:17:12,9020,9012,9018,1111,11,
,09:17:13,9020,9012,9019,1112,1,
,09:17:13,9020,9012,9019,1112,1,
,09:17:14,9020,9012,9019,1112,1,
,09:17:14,9020,9012,9019,1112,1,
,09:17:15,9020,9012,9019,1112,1,
,09:17:16,9020,9012,9019,1121,9,
,09:17:17,9020,9012,9019,1121,9,
,09:17:18,9020,9012,9019,1121,9,
,09:17:19,9020,9012,9019,1121,9,
,09:17:19,9020,9012,9018,1123,2,
,09:17:20,9020,9012,9018,1123,2,
,09:17:21,9020,9012,9019,1124,1,
,09:17:21,9020,9012,9018,1128,4,
,09:17:22,9020,9012,9018,1129,1,
,09:17:22,9020,9012,9019,1130,1,
,09:17:23,9020,9012,9019,1130,1,
,09:17:24,9020,9012,9018,1133,3,
,09:17:24,9020,9012,9020,1136,3,
,09:17:25,9020,9012,9020,1136,3,
,09:17:25,9020,9012,9020,1136,3,
,09:17:26,9020,9012,9020,1146,10,
,09:17:27,9020,9012,9020,1146,10,
,09:17:27,9020,9012,9018,1152,6,
,09:17:28,9020,9012,9018,1152,6,
,09:17:29,9020,9012,9018,1152,6,
,09:17:29,9020,9012,9017,1154,2,
,09:17:30,9020,9012,9019,1155,1,
,09:17:31,9020,9012,9017,1156,1,
,09:17:31,9020,9012,9015,1169,13,
,09:17:32,9020,9012,9015,1169,13,
,09:17:32,9020,9012,9016,1175,6,
,09:17:33,9020,9012,9019,1207,32,
,09:17:35,9020,9012,9019,1207,32,
,09:17:35,9020,9012,9019,1211,4,
,09:17:36,9020,9012,9019,1211,4,
,09:17:36,9020,9012,9018,1212,1,
,09:17:37,9020,9012,9018,1212,1,
,09:17:37,9020,9012,9019,1213,1,
,09:17:38,9020,9012,9019,1213,1,
,09:17:40,9020,9012,9019,1217,4,
,09:17:41,9020,9012,9019,1217,4,
,09:17:42,9020,9012,9019,1217,4,
,09:17:43,9020,9012,9019,1217,4,
,09:17:43,9020,9012,9017,1220,3,
,09:17:44,9020,9012,9016,1229,9,
,09:17:44,9020,9012,9017,1230,1,
,09:17:45,9020,9012,9017,1230,1,
,09:17:45,9020,9012,9015,1240,10,
,09:17:46,9020,9012,9015,1240,10,
,09:17:47,9020,9012,9016,1241,1,
,09:17:48,9020,9012,9016,1241,1,
,09:17:48,9020,9012,9013,1259,18,
,09:17:49,9020,9012,9013,1267,8,
,09:17:50,9020,9012,9013,1267,8,
,09:17:50,9020,9012,9012,1276,9,
,09:17:51,9020,9012,9012,1276,9,
,09:17:51,9020,9012,9014,1277,1,
,09:17:53,9020,9012,9014,1277,1,
,09:17:54,9020,9012,9014,1277,1,
,09:17:55,9020,9012,9014,1284,7,
,09:17:56,9020,9012,9014,1284,7,
,09:17:57,9020,9012,9014,1284,7,
,09:17:57,9020,9012,9014,1287,3,
,09:17:58,9020,9012,9014,1288,1,
,09:17:59,9020,9012,9014,1288,1,
,09:18:00,9014,9014,9014,1288,1,
,09:18:00,9014,9013,9013,1289,1,
,09:18:01,9014,9013,9013,1289,1,
,09:18:01,9014,9012,9012,1290,1,
,09:18:02,9014,9012,9012,1290,1,
,09:18:02,9014,9010,9010,1293,3,
,09:18:03,9014,9010,9010,1293,3,
,09:18:03,9014,9010,9010,1301,8,
,09:18:04,9014,9010,9010,1301,8,
,09:18:05,9014,9010,9010,1301,8,
,09:18:05,9014,9010,9010,1301,8,
,09:18:06,9014,9010,9011,1302,1,
,09:18:06,9014,9010,9012,1303,1,
,09:18:07,9014,9010,9010,1305,2,
,09:18:08,9014,9010,9010,1305,2,
,09:18:09,9014,9010,9012,1313,8,
,09:18:10,9014,9010,9012,1313,8,
,09:18:11,9014,9010,9012,1313,8,
,09:18:13,9014,9010,9012,1313,8,
,09:18:13,9014,9010,9011,1316,3,
,09:18:15,9014,9010,9011,1316,3,
,09:18:16,9014,9010,9011,1316,3,
,09:18:16,9014,9010,9011,1316,3,
,09:18:17,9014,9010,9011,1316,3,
,09:18:17,9014,9010,9014,1330,14,
,09:18:18,9014,9010,9014,1330,14,
,09:18:18,9014,9010,9012,1334,4,
,09:18:19,9014,9010,9012,1334,4,
,09:18:20,9014,9010,9013,1338,4,
,09:18:21,9014,9010,9013,1338,4,
,09:18:21,9014,9010,9013,1338,4,
,09:18:22,9014,9010,9013,1338,4,
,09:18:22,9014,9010,9013,1338,4,
,09:18:26,9014,9010,9013,1338,4,
,09:18:26,9014,9010,9011,1342,4,
,09:18:27,9014,9010,9011,1342,4,
,09:18:28,9014,9010,9010,1344,2,
,09:18:30,9014,9010,9010,1344,2,
,09:18:30,9014,9010,9011,1346,2,
,09:18:31,9014,9010,9011,1346,2,
,09:18:31,9014,9010,9011,1358,12,
,09:18:32,9014,9010,9011,1358,12,
,09:18:33,9014,9010,9011,1358,12,
,09:18:34,9014,9010,9011,1368,10,
,09:18:35,9014,9010,9010,1370,2,
,09:18:36,9014,9010,9010,1370,2,
,09:18:36,9014,9010,9011,1373,3,
,09:18:37,9014,9010,9011,1373,3,
,09:18:38,9014,9010,9010,1375,2,
,09:18:38,9014,9010,9010,1375,2,
,09:18:40,9014,9009,9009,1389,14,
,09:18:41,9014,9008,9008,1401,12,
,09:18:42,9014,9008,9008,1401,12,
,09:18:42,9014,9008,9010,1404,3,
,09:18:43,9014,9008,9010,1404,3,
,09:18:43,9014,9008,9010,1404,3,
,09:18:44,9014,9008,9010,1404,3,
,09:18:45,9014,9008,9010,1404,3,
,09:18:45,9014,9008,9010,1404,3,
,09:18:46,9014,9008,9010,1404,3,
,09:18:47,9014,9008,9010,1417,13,
,09:18:48,9014,9008,9010,1417,13,
,09:18:48,9014,9008,9010,1417,13,
,09:18:49,9014,9008,9012,1420,3,
,09:18:50,9014,9008,9013,1426,6,
,09:18:51,9014,9008,9013,1426,6,
,09:18:52,9014,9008,9013,1426,6,
,09:18:52,9014,9008,9012,1428,2,
,09:18:53,9014,9008,9012,1428,2,
,09:18:54,9014,9008,9012,1428,2,
,09:18:54,9014,9008,9012,1428,2,
,09:18:56,9014,9008,9012,1428,2,
,09:18:56,9014,9008,9011,1431,3,
,09:18:57,9014,9008,9010,1437,6,
,09:18:58,9014,9008,9010,1437,6,
,09:18:58,9014,9008,9010,1437,6,
,09:18:59,9014,9008,9010,1443,6,
,09:19:00,9010,9010,9010,1443,6,
,09:19:00,9010,9008,9008,1460,17,
,09:19:01,9010,9006,9006,1466,6,
,09:19:02,9010,9006,9006,1466,6,
,09:19:02,9010,9006,9007,1474,8,
,09:19:03,9010,9006,9008,1475,1,
,09:19:03,9010,9006,9009,1476,1,
,09:19:04,9010,9006,9010,1479,3,
,09:19:05,9010,9006,9010,1479,3,
,09:19:05,9010,9006,9008,1482,3,
,09:19:06,9010,9006,9008,1483,1,
,09:19:07,9010,9006,9008,1484,1,
,09:19:07,9010,9006,9008,1486,2,
,09:19:08,9010,9006,9006,1491,5,
,09:19:09,9010,9006,9006,1491,5,
,09:19:09,9010,9006,9009,1500,9,
,09:19:10,9011,9006,9011,1506,6,
,09:19:11,9011,9006,9011,1506,6,
,09:19:11,9011,9006,9010,1508,2,
,09:19:12,9011,9006,9010,1508,2,
,09:19:13,9011,9006,9010,1508,2,
,09:19:15,9011,9006,9010,1508,2,
,09:19:15,9011,9006,9009,1510,2,
,09:19:16,9011,9006,9010,1511,1,
,09:19:17,9011,9006,9010,1511,1,
,09:19:18,9011,9006,9008,1514,3,
,09:19:19,9011,9006,9008,1514,3,
,09:19:20,9012,9006,9012,1535,21,
,09:19:21,9012,9006,9012,1535,21,
,09:19:21,9012,9006,9011,1536,1,
,09:19:22,9012,9006,9011,1536,1,
,09:19:22,9012,9006,9012,1539,3,
,09:19:23,9012,9006,9012,1539,3,
,09:19:24,9012,9006,9012,1539,3,
,09:19:25,9012,9006,9012,1539,3,
,09:19:26,9012,9006,9012,1539,3,
,09:19:28,9012,9006,9012,1539,3,
,09:19:30,9013,9006,9013,1541,2,
,09:19:30,9013,9006,9013,1541,2,
,09:19:31,9013,9006,9009,1549,8,
,09:19:32,9013,9006,9009,1549,8,
,09:19:32,9013,9006,9008,1556,7,
,09:19:33,9013,9006,9008,1556,7,
,09:19:34,9013,9006,9008,1556,7,
,09:19:34,9013,9006,9009,1563,7,
,09:19:35,9013,9006,9009,1563,7,
,09:19:35,9013,9006,9010,1566,3,
,09:19:36,9013,9006,9013,1575,9,
,09:19:37,9013,9006,9013,1575,9,
,09:19:38,9013,9006,9013,1575,9,
,09:19:39,9013,9006,9012,1576,1,
,09:19:40,9013,9006,9012,1576,1,
,09:19:41,9013,9006,9012,1576,1,
,09:19:42,9013,9006,9012,1578,2,
,09:19:43,9013,9006,9012,1578,2,
,09:19:43,9013,9006,9011,1579,1,
,09:19:44,9013,9006,9011,1579,1,
,09:19:45,9013,9006,9011,1579,1,
,09:19:45,9013,9006,9010,1582,3,
,09:19:46,9013,9006,9010,1582,3,
,09:19:46,9013,9006,9010,1582,3,
,09:19:47,9013,9006,9012,1583,1,
,09:19:48,9013,9006,9012,1593,10,
,09:19:48,9013,9006,9013,1594,1,
,09:19:49,9013,9006,9013,1594,1,
,09:19:49,9013,9006,9013,1604,10,
,09:19:50,9013,9006,9013,1604,10,
,09:19:51,9013,9006,9013,1604,10,
,09:19:52,9013,9006,9013,1604,10,
,09:19:53,9013,9006,9013,1604,10,
,09:19:53,9013,9006,9013,1604,10,
,09:19:54,9013,9006,9012,1605,1,
,09:19:55,9013,9006,9012,1605,1,
,09:19:56,9013,9006,9012,1605,1,
,09:19:57,9013,9006,9012,1605,1,
,09:19:57,9013,9006,9012,1607,2,
,09:19:58,9013,9006,9012,1608,1,
,09:19:58,9013,9006,9012,1608,1,
,09:19:59,9013,9006,9010,1616,8,
,09:20:00,9010,9010,9010,1616,8,
,09:20:00,9010,9008,9008,1636,20,
,09:20:01,9010,9008,9008,1636,20,
,09:20:02,9010,9008,9009,1640,4,
,09:20:03,9010,9008,9009,1640,4,
,09:20:03,9011,9008,9011,1644,4,
,09:20:04,9011,9008,9011,1647,3,
,09:20:05,9011,9008,9011,1647,3,
,09:20:06,9011,9008,9011,1647,3,
,09:20:06,9011,9008,9008,1648,1,
,09:20:07,9011,9008,9008,1648,1,
,09:20:08,9011,9008,9008,1648,1,
,09:20:09,9011,9008,9010,1655,7,
,09:20:10,9011,9008,9010,1655,7,
,09:20:10,9011,9008,9009,1656,1,
,09:20:11,9011,9008,9009,1656,1,
,09:20:12,9011,9008,9009,1656,1,
,09:20:12,9011,9008,9009,1656,1,
,09:20:15,9011,9008,9009,1656,1,
,09:20:16,9011,9008,9011,1669,13,
,09:20:17,9011,9008,9011,1669,13,
,09:20:17,9012,9008,9012,1671,2,
,09:20:18,9012,9008,9012,1671,2,
,09:20:18,9012,9008,9011,1673,2,
,09:20:19,9012,9008,9011,1673,2,
,09:20:20,9012,9008,9011,1673,2,
,09:20:20,9012,9008,9010,1674,1,
,09:20:21,9012,9008,9010,1675,1,
,09:20:21,9012,9008,9009,1679,4,
,09:20:22,9012,9008,9010,1683,4,
,09:20:23,9012,9008,9011,1688,5,
,09:20:24,9012,9008,9011,1688,5,
,09:20:27,9012,9008,9011,1692,4,
,09:20:28,9012,9008,9011,1692,4,
,09:20:29,9012,9008,9011,1692,4,
,09:20:31,9012,9008,9012,1705,13,
,09:20:33,9012,9008,9012,1705,13,
,09:20:34,9012,9008,9012,1710,5,
,09:20:34,9012,9008,9012,1710,5,
,09:20:35,9012,9008,9012,1710,5,
,09:20:36,9012,9008,9012,1712,2,
,09:20:36,9012,9008,9012,1717,5,
,09:20:37,9013,9008,9013,1718,1,
,09:20:38,9013,9008,9013,1718,1,
,09:20:38,9014,9008,9014,1726,8,
,09:20:39,9014,9008,9014,1727,1,
,09:20:40,9014,9008,9014,1728,1,
,09:20:41,9017,9008,9017,1739,11,
,09:20:42,9017,9008,9017,1739,11,
,09:20:42,9017,9008,9015,1749,10,
,09:20:43,9017,9008,9015,1749,10,
,09:20:43,9017,9008,9015,1777,28,
,09:20:44,9017,9008,9015,1786,9,
,09:20:45,9017,9008,9015,1786,9,
,09:20:45,9017,9008,9015,1814,28,
,09:20:46,9017,9008,9015,1814,28,
,09:20:47,9017,9008,9015,1817,3,
,09:20:47,9017,9008,9015,1821,4,
,09:20:48,9017,9008,9015,1827,6,
,09:20:49,9017,9008,9015,1827,6,
,09:20:50,9017,9008,9015,1828,1,
,09:20:50,9017,9008,9015,1830,2,
,09:20:51,9017,9008,9015,1830,2,
,09:20:52,9017,9008,9015,1830,2,
,09:20:53,9017,9008,9015,1830,2,
,09:20:54,9017,9008,9015,1832,2,
,09:20:55,9017,9008,9015,1832,2,
,09:20:56,9017,9008,9015,1832,2,
,09:20:57,9017,9008,9013,1846,14,
,09:20:58,9017,9008,9013,1846,14,
,09:20:58,9017,9008,9013,1852,6,
,09:20:59,9017,9008,9013,1855,3,
,09:21:00,9013,9013,9013,1855,3,
,09:21:00,9015,9013,9015,1863,8,
,09:21:01,9016,9013,9016,1864,1,
,09:21:02,9016,9013,9015,1865,1,
,09:21:02,9016,9013,9015,1865,1,
,09:21:03,9016,9013,9015,1865,1,
,09:21:04,9016,9013,9014,1869,4,
,09:21:07,9016,9013,9015,1870,1,
,09:21:08,9016,9013,9015,1870,1,
,09:21:08,9016,9013,9015,1870,1,
,09:21:09,9016,9013,9014,1871,1,
,09:21:10,9016,9013,9014,1871,1,
,09:21:11,9016,9013,9013,1875,4,
,09:21:12,9016,9013,9013,1875,4,
,09:21:12,9016,9012,9012,1879,4,
,09:21:13,9016,9012,9012,1879,4,
,09:21:13,9016,9012,9013,1880,1,
,09:21:15,9016,9012,9013,1880,1,
,09:21:15,9016,9012,9013,1880,1,
,09:21:16,9016,9012,9012,1882,2,
,09:21:17,9016,9012,9012,1882,2,
,09:21:17,9016,9011,9011,1885,3,
,09:21:18,9016,9011,9011,1885,3,
,09:21:19,9016,9011,9011,1885,3,
,09:21:20,9016,9011,9011,1885,3,
,09:21:21,9016,9011,9012,1886,1,
,09:21:21,9016,9011,9012,1886,1,
,09:21:22,9016,9011,9012,1886,1,
,09:21:23,9016,9011,9012,1888,2,
,09:21:24,9016,9011,9012,1888,2,
,09:21:24,9016,9011,9012,1890,2,
,09:21:25,9016,9011,9012,1890,2,
,09:21:26,9016,9011,9012,1890,2,
,09:21:26,9016,9011,9012,1890,2,
,09:21:27,9016,9011,9012,1890,2,
,09:21:28,9016,9011,9012,1891,1,
,09:21:29,9016,9011,9012,1893,2,
,09:21:30,9016,9011,9012,1897,4,
,09:21:31,9016,9011,9012,1897,4,
,09:21:31,9016,9011,9011,1900,3,
,09:21:32,9016,9011,9011,1900,3,
,09:21:33,9016,9011,9011,1900,3,
,09:21:34,9016,9011,9011,1910,10,
,09:21:35,9016,9011,9011,1910,10,
,09:21:36,9016,9011,9011,1911,1,
,09:21:36,9016,9011,9011,1911,1,
,09:21:38,9016,9011,9011,1911,1,
,09:21:39,9016,9011,9011,1911,1,
,09:21:39,9016,9011,9011,1912,1,
,09:21:40,9016,9010,9010,1913,1,
,09:21:40,9016,9010,9010,1913,1,
,09:21:41,9016,9010,9010,1913,1,
,09:21:41,9016,9010,9011,1920,7,
,09:21:42,9016,9010,9010,1922,2,
,09:21:43,9016,9010,9011,1924,2,
,09:21:44,9016,9010,9011,1924,2,
,09:21:45,9016,9010,9011,1924,2,
,09:21:45,9016,9010,9012,1926,2,
,09:21:46,9016,9010,9012,1926,2,
,09:21:46,9016,9010,9012,1926,2,
,09:21:48,9016,9010,9012,1926,2,
,09:21:50,9016,9010,9012,1926,2,
,09:21:51,9016,9010,9012,1926,2,
,09:21:51,9016,9010,9013,1935,9,
,09:21:52,9016,9010,9013,1935,9,
,09:21:52,9016,9010,9013,1944,9,
,09:21:53,9016,9010,9013,1944,9,
,09:21:54,9016,9010,9013,1944,9,
,09:21:54,9016,9010,9014,1946,2,
,09:21:55,9016,9010,9013,1947,1,
,09:21:56,9016,9010,9013,1948,1,
,09:21:57,9016,9010,9013,1948,1,
,09:21:57,9016,9010,9013,1950,2,
,09:21:58,9016,9010,9013,1950,2,
,09:21:58,9016,9010,9013,1950,2,
,09:22:00,9014,9014,9014,1951,1,
,09:22:00,9014,9014,9014,1951,1,
,09:22:01,9014,9014,9014,1951,1,
,09:22:02,9014,9013,9013,1954,3,
,09:22:03,9014,9013,9013,1954,3,
,09:22:03,9014,9012,9012,1956,2,
,09:22:04,9014,9010,9010,1991,35,
,09:22:05,9014,9007,9007,2007,16,
,09:22:06,9014,9006,9006,2010,3,
,09:22:07,9014,9006,9006,2010,3,
,09:22:08,9014,9006,9008,2017,7,
,09:22:09,9014,9006,9008,2017,7,
,09:22:10,9014,9006,9008,2017,7,
,09:22:10,9014,9006,9007,2019,2,
,09:22:11,9014,9006,9007,2019,2,
,09:22:11,9014,9006,9007,2025,6,
,09:22:12,9014,9006,9007,2026,1,
,09:22:13,9014,9006,9010,2045,19,
,09:22:14,9014,9006,9010,2045,19,
,09:22:14,9014,9006,9010,2046,1,
,09:22:15,9014,9006,9010,2046,1,
,09:22:16,9014,9006,9010,2046,1,
,09:22:16,9014,9006,9010,2046,1,
,09:22:17,9014,9006,9009,2048,2,
,09:22:18,9014,9006,9009,2048,2,
,09:22:18,9014,9006,9009,2048,2,
,09:22:20,9014,9006,9008,2050,2,
,09:22:20,9014,9006,9008,2052,2,
,09:22:21,9014,9006,9008,2052,2,
,09:22:22,9014,9006,9008,2052,2,
,09:22:23,9014,9006,9008,2052,2,
,09:22:25,9014,9006,9008,2052,2,
,09:22:26,9014,9006,9007,2053,1,
,09:22:27,9014,9006,9007,2053,1,
,09:22:27,9014,9006,9006,2056,3,
,09:22:28,9014,9006,9006,2056,3,
,09:22:28,9014,9006,9008,2058,2,
,09:22:29,9014,9006,9009,2066,8,
,09:22:29,9014,9006,9010,2067,1,
,09:22:30,9014,9006,9008,2071,4,
,09:22:31,9014,9006,9008,2071,4,
,09:22:32,9014,9006,9008,2071,4,
,09:22:33,9014,9006,9008,2071,4,
,09:22:34,9014,9006,9007,2073,2,
,09:22:34,9014,9006,9007,2073,2,
,09:22:35,9014,9006,9007,2073,2,
,09:22:35,9014,9006,9007,2073,2,
,09:22:36,9014,9006,9007,2073,2,
,09:22:37,9014,9006,9007,2073,2,
,09:22:38,9014,9006,9007,2074,1,
,09:22:38,9014,9006,9007,2082,8,
,09:22:39,9014,9006,9007,2082,8,
,09:22:40,9014,9006,9008,2092,10,
,09:22:40,9014,9006,9009,2106,14,
,09:22:41,9014,9006,9009,2106,14,
,09:22:41,9014,9006,9009,2109,3,
,09:22:42,9014,9006,9009,2109,3,
,09:22:43,9014,9006,9009,2109,3,
,09:22:43,9014,9006,9009,2109,3,
,09:22:45,9014,9006,9009,2110,1,
,09:22:45,9014,9006,9010,2115,5,
,09:22:46,9014,9006,9010,2115,5,
,09:22:46,9014,9006,9011,2117,2,
,09:22:47,9014,9006,9011,2117,2,
,09:22:48,9014,9006,9009,2119,2,
,09:22:49,9014,9006,9009,2119,2,
,09:22:51,9014,9006,9009,2123,4,
,09:22:52,9014,9006,9009,2123,4,
,09:22:54,9014,9006,9009,2124,1,
,09:22:54,9014,9006,9009,2124,1,
,09:22:56,9014,9006,9010,2125,1,
,09:22:57,9014,9006,9010,2125,1,
,09:22:57,9014,9006,9010,2125,1,
,09:22:59,9014,9006,9010,2125,1,
,09:23:00,9009,9009,9009,2128,3,
,09:23:00,9009,9009,9009,2128,3,
,09:23:01,9011,9009,9011,2129,1,
,09:23:02,9011,9009,9010,2130,1,
,09:23:03,9011,9009,9010,2143,13,
,09:23:04,9011,9009,9009,2148,5,
,09:23:05,9011,9009,9009,2148,5,
,09:23:06,9011,9009,9009,2148,5,
,09:23:07,9011,9009,9009,2148,5,
,09:23:08,9011,9009,9009,2148,5,
,09:23:09,9011,9009,9009,2151,3,
,09:23:13,9011,9009,9009,2153,2,
,09:23:13,9011,9008,9008,2160,7,
,09:23:14,9011,9008,9008,2160,7,
,09:23:14,9011,9008,9009,2161,1,
,09:23:15,9011,9008,9009,2161,1,
,09:23:16,9011,9008,9009,2161,1,
,09:23:17,9011,9008,9009,2161,1,
,09:23:18,9011,9008,9009,2170,9,
,09:23:19,9011,9008,9009,2171,1,
,09:23:19,9011,9008,9009,2171,1,
,09:23:21,9011,9008,9008,2186,15,
,09:23:21,9011,9008,9008,2186,15,
,09:23:22,9011,9008,9008,2186,15,
,09:23:22,9011,9008,9008,2186,15,
,09:23:23,9011,9008,9008,2186,15,
,09:23:24,9011,9008,9008,2187,1,
,09:23:25,9011,9008,9008,2187,1,
,09:23:25,9011,9008,9008,2187,1,
,09:23:26,9011,9008,9008,2187,1,
,09:23:26,9011,9008,9008,2187,1,
,09:23:28,9011,9008,9008,2187,1,
,09:23:28,9011,9008,9008,2199,12,
,09:23:29,9011,9008,9008,2199,12,
,09:23:29,9011,9008,9010,2201,2,
,09:23:30,9011,9008,9010,2202,1,
,09:23:31,9011,9008,9010,2202,1,
,09:23:31,9011,9008,9010,2202,1,
,09:23:33,9011,9008,9010,2202,1,
,09:23:34,9011,9008,9010,2202,1,
,09:23:34,9011,9008,9010,2211,9,
,09:23:35,9011,9008,9010,2211,9,
,09:23:36,9011,9008,9010,2211,9,
,09:23:37,9011,9008,9010,2211,9,
,09:23:39,9011,9008,9011,2212,1,
,09:23:40,9011,9008,9010,2216,4,
,09:23:40,9011,9008,9010,2217,1,
,09:23:41,9011,9008,9010,2217,1,
,09:23:41,9011,9008,9010,2217,1,
,09:23:42,9011,9008,9010,2217,1,
,09:23:46,9011,9008,9010,2217,1,
,09:23:46,9011,9008,9009,2221,4,
,09:23:48,9011,9008,9009,2221,4,
,09:23:50,9011,9008,9009,2221,4,
,09:23:51,9011,9008,9008,2226,5,
,09:23:52,9011,9008,9008,2226,5,
,09:23:53,9011,9008,9008,2226,5,
,09:23:54,9011,9008,9008,2226,5,
,09:23:54,9011,9008,9008,2227,1,
,09:23:55,9011,9008,9008,2227,1,
,09:23:56,9011,9008,9008,2227,1,
,09:23:56,9011,9008,9009,2230,3,
,09:23:57,9011,9008,9009,2230,3,
,09:23:57,9011,9008,9009,2247,17,
,09:23:58,9011,9008,9009,2247,17,
,09:23:59,9011,9008,9009,2247,17,
,09:23:59,9011,9008,9009,2247,17,
,09:24:01,9009,9009,9009,2247,17,
,09:24:01,9009,9009,9009,2247,17,
,09:24:03,9009,9009,9009,2247,17,
,09:24:04,9010,9009,9010,2250,3,
,09:24:04,9010,9009,9010,2250,3,
,09:24:06,9010,9009,9010,2250,3,
,09:24:07,9010,9009,9010,2250,3,
,09:24:07,9010,9009,9010,2250,3,
,09:24:09,9010,9009,9010,2250,3,
,09:24:09,9010,9009,9009,2255,5,
,09:24:10,9010,9009,9009,2255,5,
,09:24:11,9010,9009,9009,2255,5,
,09:24:12,9010,9009,9009,2255,5,
,09:24:13,9010,9009,9009,2255,5,
,09:24:14,9010,9009,9009,2255,5,
,09:24:15,9010,9009,9009,2255,5,
,09:24:16,9010,9009,9009,2257,2,
,09:24:16,9010,9009,9009,2257,2,
,09:24:19,9010,9006,9006,2280,23,
,09:24:20,9010,9006,9006,2280,23,
,09:24:20,9010,9006,9007,2281,1,
,09:24:21,9010,9006,9007,2281,1,
,09:24:21,9010,9006,9006,2282,1,
,09:24:22,9010,9006,9006,2282,1,
,09:24:22,9010,9006,9007,2286,4,
,09:24:23,9010,9006,9007,2286,4,
,09:24:24,9010,9006,9008,2293,7,
,09:24:25,9010,9006,9008,2295,2,
,09:24:27,9010,9006,9008,2295,2,
,09:24:28,9010,9006,9008,2295,2,
,09:24:29,9010,9006,9008,2295,2,
,09:24:29,9010,9006,9008,2295,2,
,09:24:30,9010,9006,9009,2299,4,
,09:24:31,9010,9006,9010,2302,3,
,09:24:32,9010,9006,9010,2303,1,
,09:24:32,9010,9006,9009,2306,3,
,09:24:34,9010,9006,9009,2307,1,
,09:24:35,9010,9006,9008,2309,2,
,09:24:38,9010,9006,9008,2309,2,
,09:24:39,9010,9006,9007,2310,1,
,09:24:40,9010,9006,9007,2310,1,
,09:24:41,9010,9006,9007,2310,1,
,09:24:41,9010,9006,9007,2311,1,
,09:24:44,9010,9006,9008,2318,7,
,09:24:45,9010,9006,9008,2318,7,
,09:24:46,9010,9006,9008,2318,7,
,09:24:46,9010,9006,9010,2319,1,
,09:24:47,9010,9006,9009,2324,5,
,09:24:49,9010,9006,9008,2328,4,
,09:24:50,9010,9006,9008,2328,4,
,09:24:50,9010,9006,9008,2328,4,
,09:24:51,9010,9006,9007,2329,1,
,09:24:52,9010,9006,9007,2329,1,
,09:24:53,9010,9006,9007,2329,1,
,09:24:54,9010,9006,9008,2331,2,
,09:24:55,9010,9006,9007,2332,1,
,09:24:55,9010,9006,9008,2333,1,
,09:24:56,9010,9006,9008,2333,1,
,09:24:56,9010,9006,9008,2333,1,
,09:24:57,9010,9006,9008,2333,1,
,09:24:59,9010,9006,9008,2333,1,
,09:24:59,9010,9006,9008,2334,1,
,09:25:00,9008,9008,9008,2334,1,
,09:25:01,9008,9008,9008,2334,1,
,09:25:02,9008,9008,9008,2335,1,
,09:25:03,9008,9008,9008,2335,1,
,09:25:04,9008,9008,9008,2335,1,
,09:25:04,9008,9007,9007,2339,4,
,09:25:06,9008,9007,9007,2339,4,
,09:25:08,9008,9006,9006,2341,2,
,09:25:09,9008,9006,9006,2346,5,
,09:25:10,9008,9006,9006,2347,1,
,09:25:10,9008,9006,9006,2347,1,
,09:25:11,9008,9004,9004,2358,11,
,09:25:12,9008,9004,9004,2359,1,
,09:25:14,9008,9004,9004,2359,1,
,09:25:15,9008,9004,9005,2362,3,
,09:25:15,9008,9004,9005,2366,4,
,09:25:16,9008,9004,9004,2370,4,
,09:25:17,9008,9004,9004,2389,19,
,09:25:17,9008,9004,9004,2393,4,
,09:25:18,9008,9004,9005,2394,1,
,09:25:18,9008,9004,9006,2411,17,
,09:25:19,9008,9004,9006,2412,1,
,09:25:19,9008,9004,9005,2418,6,
,09:25:20,9008,9004,9005,2418,6,
,09:25:21,9008,9004,9006,2421,3,
,09:25:22,9008,9004,9006,2421,3,
,09:25:23,9008,9004,9006,2421,3,
,09:25:24,9008,9004,9006,2421,3,
,09:25:25,9008,9004,9006,2421,3,
,09:25:25,9008,9004,9006,2421,3,
,09:25:26,9008,9004,9006,2421,3,
,09:25:27,9008,9004,9006,2421,3,
,09:25:28,9008,9004,9006,2421,3,
,09:25:29,9008,9004,9006,2421,3,
,09:25:29,9008,9004,9006,2421,3,
,09:25:30,9008,9004,9006,2422,1,
,09:25:31,9008,9004,9006,2422,1,
,09:25:31,9008,9004,9006,2422,1,
,09:25:32,9008,9004,9006,2422,1,
,09:25:32,9008,9004,9006,2422,1,
,09:25:34,9008,9004,9006,2422,1,
,09:25:35,9008,9004,9006,2422,1,
,09:25:36,9008,9004,9007,2423,1,
,09:25:36,9008,9004,9006,2428,5,
,09:25:38,9008,9004,9007,2429,1,
,09:25:39,9008,9004,9007,2429,1,
,09:25:39,9008,9004,9008,2444,15,
,09:25:40,9008,9004,9008,2444,15,
,09:25:41,9008,9004,9008,2444,15,
,09:25:42,9008,9004,9008,2444,15,
,09:25:43,9008,9004,9008,2444,15,
,09:25:44,9008,9004,9008,2444,15,
,09:25:44,9008,9004,9008,2444,15,
,09:25:45,9008,9004,9008,2444,15,
,09:25:46,9008,9004,9008,2444,15,
,09:25:46,9008,9004,9007,2450,6,
,09:25:47,9008,9004,9007,2450,6,
,09:25:48,9008,9004,9007,2450,6,
,09:25:48,9008,9004,9007,2450,6,
,09:25:49,9008,9004,9007,2450,6,
,09:25:51,9008,9004,9007,2450,6,
,09:25:51,9008,9004,9006,2452,2,
,09:25:52,9008,9004,9007,2456,4,
,09:25:54,9008,9004,9007,2456,4,
,09:25:54,9008,9004,9007,2456,4,
,09:25:55,9008,9004,9006,2458,2,
,09:25:56,9008,9004,9006,2458,2,
,09:25:57,9008,9004,9006,2458,2,
,09:25:57,9008,9004,9008,2462,4,
,09:25:58,9008,9004,9008,2462,4,
,09:25:58,9008,9004,9008,2462,4,
,09:25:59,9008,9004,9008,2463,1,
,09:26:00,9008,9008,9008,2463,1,
,09:26:00,9008,9008,9008,2463,1,
,09:26:01,9008,9006,9006,2465,2,
,09:26:02,9008,9006,9006,2465,2,
,09:26:03,9008,9006,9006,2472,7,
,09:26:04,9008,9006,9006,2472,7,
,09:26:04,9008,9006,9006,2473,1,
,09:26:06,9008,9006,9006,2473,1,
,09:26:07,9008,9005,9005,2477,4,
,09:26:08,9008,9005,9005,2477,4,
,09:26:08,9008,9005,9005,2478,1,
,09:26:09,9008,9005,9005,2478,1,
,09:26:09,9008,9005,9005,2479,1,
,09:26:10,9008,9005,9005,2479,1,
,09:26:11,9008,9004,9004,2487,8,
,09:26:13,9008,9004,9004,2487,8,
,09:26:13,9008,9004,9004,2488,1,
,09:26:14,9008,9004,9004,2489,1,
,09:26:14,9008,9004,9005,2493,4,
,09:26:15,9008,9004,9005,2493,4,
,09:26:16,9008,9004,9005,2506,13,
,09:26:17,9008,9004,9007,2516,10,
,09:26:18,9008,9004,9007,2516,10,
,09:26:18,9008,9004,9008,2518,2,
,09:26:19,9008,9004,9008,2519,1,
,09:26:19,9008,9004,9007,2520,1,
,09:26:20,9008,9004,9007,2521,1,
,09:26:21,9008,9004,9007,2521,1,
,09:26:22,9008,9004,9007,2521,1,
,09:26:23,9008,9004,9007,2522,1,
,09:26:23,9008,9004,9007,2524,2,
,09:26:24,9008,9004,9007,2524,2,
,09:26:25,9008,9004,9007,2524,2,
,09:26:25,9008,9004,9007,2524,2,
,09:26:31,9008,9004,9007,2527,3,
,09:26:32,9008,9004,9007,2527,3,
,09:26:33,9010,9004,9010,2549,22,
,09:26:34,9011,9004,9011,2551,2,
,09:26:34,9011,9004,9009,2559,8,
,09:26:35,9011,9004,9011,2572,13,
,09:26:36,9012,9004,9012,2573,1,
,09:26:37,9012,9004,9012,2573,1,
,09:26:38,9012,9004,9012,2573,1,
,09:26:38,9012,9004,9011,2576,3,
,09:26:39,9012,9004,9011,2576,3,
,09:26:40,9012,9004,9011,2577,1,
,09:26:41,9012,9004,9011,2578,1,
,09:26:41,9012,9004,9011,2579,1,
,09:26:42,9012,9004,9012,2580,1,
,09:26:42,9013,9004,9013,2605,25,
,09:26:43,9014,9004,9014,2606,1,
,09:26:43,9015,9004,9015,2623,17,
,09:26:44,9018,9004,9018,2651,28,
,09:26:45,9018,9004,9018,2652,1,
,09:26:45,9019,9004,9019,2663,11,
,09:26:46,9019,9004,9019,2666,3,
,09:26:47,9019,9004,9017,2677,11,
,09:26:48,9019,9004,9019,2679,2,
,09:26:48,9020,9004,9020,2688,9,
,09:26:49,9020,9004,9020,2688,9,
,09:26:49,9020,9004,9017,2701,13,
,09:26:50,9020,9004,9017,2701,13,
,09:26:50,9020,9004,9018,2707,6,
,09:26:51,9020,9004,9018,2707,6,
,09:26:51,9020,9004,9017,2714,7,
,09:26:52,9020,9004,9017,2714,7,
,09:26:53,9020,9004,9017,2714,7,
,09:26:53,9020,9004,9018,2718,4,
,09:26:54,9020,9004,9018,2719,1,
,09:26:54,9020,9004,9018,2719,1,
,09:26:56,9020,9004,9020,2720,1,
,09:26:57,9020,9004,9020,2720,1,
,09:26:57,9020,9004,9020,2720,1,
,09:26:58,9020,9004,9020,2720,1,
,09:26:59,9020,9004,9020,2720,1,
,09:26:59,9022,9004,9021,2768,48,
,09:27:00,9022,9022,9022,2769,1,
,09:27:00,9025,9021,9024,2788,19,
,09:27:01,9025,9021,9025,2789,1,
,09:27:01,9025,9021,9024,2800,11,
,09:27:02,9025,9021,9023,2801,1,
,09:27:02,9025,9021,9024,2810,9,
,09:27:03,9025,9021,9024,2810,9,
,09:27:04,9025,9021,9021,2823,13,
,09:27:05,9025,9021,9021,2825,2,
,09:27:06,9025,9021,9021,2825,2,
,09:27:07,9025,9021,9021,2825,2,
,09:27:07,9025,9021,9023,2826,1,
,09:27:08,9025,9021,9023,2828,2,
,09:27:08,9025,9021,9024,2837,9,
,09:27:09,9025,9021,9024,2837,9,
,09:27:09,9025,9021,9024,2843,6,
,09:27:10,9025,9021,9024,2844,1,
,09:27:10,9025,9021,9022,2854,10,
,09:27:11,9025,9021,9022,2854,10,
,09:27:12,9025,9021,9024,2855,1,
,09:27:12,9025,9021,9023,2856,1,
,09:27:13,9025,9021,9022,2862,6,
,09:27:14,9025,9021,9023,2865,3,
,09:27:15,9025,9021,9024,2866,1,
,09:27:17,9025,9021,9024,2866,1,
,09:27:17,9025,9021,9024,2866,1,
,09:27:18,9025,9021,9025,2867,1,
,09:27:19,9025,9021,9024,2868,1,
,09:27:19,9025,9021,9024,2868,1,
,09:27:20,9027,9021,9025,2882,14,
,09:27:21,9027,9021,9025,2882,14,
,09:27:21,9027,9021,9027,2883,1,
,09:27:22,9027,9021,9027,2883,1,
,09:27:23,9027,9021,9027,2883,1,
,09:27:23,9028,9021,9028,2900,17,
,09:27:24,9030,9021,9029,2952,52,
,09:27:25,9030,9021,9030,2953,1,
,09:27:25,9030,9021,9029,2974,21,
,09:27:26,9030,9021,9028,2975,1,
,09:27:26,9030,9021,9029,2994,19,
,09:27:27,9030,9021,9028,2995,1,
,09:27:27,9030,9021,9029,2999,4,
,09:27:28,9030,9021,9029,2999,4,
,09:27:28,9030,9021,9029,3000,1,
,09:27:29,9033,9021,9032,3037,37,
,09:27:30,9033,9021,9033,3039,2,
,09:27:30,9033,9021,9031,3063,24,
,09:27:31,9033,9021,9028,3077,14,
,09:27:32,9033,9021,9028,3078,1,
,09:27:32,9033,9021,9029,3084,6,
,09:27:33,9033,9021,9029,3093,9,
,09:27:34,9033,9021,9027,3116,23,
,09:27:35,9033,9021,9028,3130,14,
,09:27:36,9033,9021,9029,3131,1,
,09:27:37,9033,9021,9029,3131,1,
,09:27:37,9033,9021,9029,3142,11,
,09:27:39,9033,9021,9031,3148,6,
,09:27:39,9033,9021,9032,3156,8,
,09:27:40,9033,9021,9032,3156,8,
,09:27:40,9034,9021,9034,3164,8,
,09:27:41,9034,9021,9034,3164,8,
,09:27:41,9034,9021,9032,3175,11,
,09:27:42,9034,9021,9031,3190,15,
,09:27:42,9034,9021,9028,3204,14,
,09:27:43,9034,9021,9028,3204,14,
,09:27:43,9034,9021,9028,3219,15,
,09:27:44,9034,9021,9028,3219,15,
,09:27:44,9034,9021,9028,3220,1,
,09:27:45,9034,9021,9028,3220,1,
,09:27:45,9034,9021,9029,3248,28,
,09:27:46,9034,9021,9029,3248,28,
,09:27:46,9034,9021,9028,3257,9,
,09:27:47,9034,9021,9028,3257,9,
,09:27:47,9034,9021,9030,3270,13,
,09:27:48,9034,9021,9030,3270,13,
,09:27:48,9034,9021,9031,3273,3,
,09:27:49,9034,9021,9031,3273,3,
,09:27:49,9034,9021,9032,3276,3,
,09:27:50,9034,9021,9030,3299,23,
,09:27:51,9034,9021,9030,3302,3,
,09:27:52,9034,9021,9030,3302,3,
,09:27:52,9034,9021,9032,3316,14,
,09:27:53,9034,9021,9032,3316,14,
,09:27:53,9034,9021,9030,3337,21,
,09:27:54,9034,9021,9030,3337,21,
,09:27:54,9034,9021,9028,3354,17,
,09:27:55,9034,9021,9028,3354,17,
,09:27:56,9034,9021,9028,3354,17,
,09:27:56,9034,9021,9029,3365,11,
,09:28:00,9029,9029,9029,3365,11,
,09:28:00,9029,9029,9029,3368,3,
,09:28:01,9029,9029,9029,3369,1,
,09:28:02,9029,9029,9029,3369,1,
,09:28:02,9029,9029,9029,3370,1,
,09:28:03,9029,9029,9029,3370,1,
,09:28:03,9030,9029,9029,3376,6,
,09:28:04,9030,9029,9029,3383,7,
,09:28:05,9030,9028,9028,3393,10,
,09:28:06,9030,9028,9028,3394,1,
,09:28:06,9030,9026,9026,3401,7,
,09:28:07,9030,9026,9026,3409,8,
,09:28:07,9030,9026,9026,3410,1,
,09:28:08,9030,9026,9027,3411,1,
,09:28:08,9030,9026,9027,3411,1,
,09:28:10,9030,9026,9027,3411,1,
,09:28:10,9030,9026,9026,3412,1,
,09:28:11,9030,9026,9026,3412,1,
,09:28:11,9030,9025,9025,3418,6,
,09:28:12,9030,9024,9024,3420,2,
,09:28:12,9030,9024,9024,3421,1,
,09:28:13,9030,9024,9024,3421,1,
,09:28:13,9030,9024,9026,3427,6,
,09:28:14,9030,9024,9026,3427,6,
,09:28:14,9030,9024,9026,3427,6,
,09:28:15,9030,9024,9026,3427,6,
,09:28:16,9030,9024,9026,3427,6,
,09:28:17,9030,9024,9026,3427,6,
,09:28:18,9030,9024,9027,3428,1,
,09:28:19,9030,9024,9027,3428,1,
,09:28:20,9030,9024,9027,3428,1,
,09:28:20,9030,9024,9026,3430,2,
,09:28:21,9030,9024,9026,3430,2,
,09:28:22,9030,9024,9027,3431,1,
,09:28:24,9030,9024,9027,3431,1,
,09:28:25,9030,9024,9027,3431,1,
,09:28:27,9030,9024,9027,3431,1,
,09:28:27,9030,9024,9028,3433,2,
,09:28:28,9030,9024,9028,3433,2,
,09:28:28,9030,9024,9027,3441,8,
,09:28:29,9030,9024,9027,3441,8,
,09:28:29,9030,9024,9027,3441,8,
,09:28:30,9030,9024,9027,3441,8,
,09:28:30,9030,9024,9027,3441,8,
,09:28:31,9030,9024,9027,3441,8,
,09:28:32,9030,9024,9027,3441,8,
,09:28:34,9030,9024,9026,3446,5,
,09:28:34,9030,9024,9027,3448,2,
,09:28:35,9030,9024,9027,3448,2,
,09:28:35,9030,9024,9026,3451,3,
,09:28:36,9030,9024,9026,3451,3,
,09:28:37,9030,9024,9026,3459,8,
,09:28:37,9030,9024,9026,3461,2,
,09:28:38,9030,9024,9026,3461,2,
,09:28:38,9030,9024,9026,3463,2,
,09:28:39,9030,9024,9026,3463,2,
,09:28:39,9030,9024,9026,3464,1,
,09:28:40,9030,9024,9026,3464,1,
,09:28:40,9030,9024,9025,3467,3,
,09:28:41,9030,9024,9026,3469,2,
,09:28:42,9030,9024,9026,3469,2,
,09:28:42,9030,9024,9025,3471,2,
,09:28:43,9030,9023,9025,3482,11,
,09:28:44,9030,9023,9025,3482,11,
,09:28:44,9030,9023,9025,3483,1,
,09:28:45,9030,9023,9025,3484,1,
,09:28:45,9030,9023,9025,3484,1,
,09:28:47,9030,9023,9025,3486,2,
,09:28:48,9030,9023,9025,3486,2,
,09:28:49,9030,9023,9025,3486,2,
,09:28:50,9030,9023,9024,3487,1,
,09:28:51,9030,9023,9024,3492,5,
,09:28:52,9030,9022,9022,3511,19,
,09:28:53,9030,9022,9022,3511,19,
,09:28:54,9030,9022,9022,3512,1,
,09:28:55,9030,9022,9023,3516,4,
,09:28:55,9030,9022,9023,3516,4,
,09:28:57,9030,9022,9023,3516,4,
,09:28:58,9030,9022,9023,3516,4,
,09:28:59,9030,9021,9021,3518,2,
,09:28:59,9030,9021,9021,3519,1,
,09:29:00,9021,9021,9021,3519,1,
,09:29:00,9021,9021,9021,3523,4,
,09:29:01,9021,9021,9021,3524,1,
,09:29:01,9021,9021,9021,3526,2,
,09:29:02,9021,9021,9021,3530,4,
,09:29:03,9021,9020,9020,3538,8,
,09:29:04,9021,9020,9021,3539,1,
,09:29:04,9021,9020,9021,3554,15,
,09:29:05,9021,9020,9021,3555,1,
,09:29:06,9021,9020,9021,3555,1,
,09:29:07,9021,9020,9021,3555,1,
,09:29:08,9021,9020,9020,3556,1,
,09:29:09,9021,9020,9020,3556,1,
,09:29:09,9022,9020,9021,3573,17,
,09:29:10,9023,9020,9023,3585,12,
,09:29:11,9024,9020,9024,3589,4,
,09:29:12,9024,9020,9024,3589,4,
,09:29:13,9024,9020,9021,3621,32,
,09:29:14,9024,9020,9021,3621,32,
,09:29:14,9024,9020,9021,3621,32,
,09:29:15,9024,9020,9021,3621,32,
,09:29:16,9024,9020,9021,3624,3,
,09:29:17,9024,9020,9021,3624,3,
,09:29:18,9024,9020,9021,3624,3,
,09:29:19,9024,9020,9021,3624,3,
,09:29:19,9024,9020,9021,3634,10,
,09:29:20,9024,9020,9021,3634,10,
,09:29:20,9024,9020,9021,3634,10,
,09:29:21,9024,9020,9021,3634,10,
,09:29:22,9024,9020,9021,3634,10,
,09:29:22,9024,9019,9019,3644,10,
,09:29:23,9024,9019,9019,3644,10,
,09:29:23,9024,9019,9020,3647,3,
,09:29:24,9024,9019,9020,3647,3,
,09:29:25,9024,9019,9020,3647,3,
,09:29:25,9024,9019,9020,3647,3,
,09:29:26,9024,9019,9020,3648,1,
,09:29:27,9024,9019,9019,3649,1,
,09:29:27,9024,9019,9020,3650,1,
,09:29:28,9024,9019,9019,3651,1,
,09:29:28,9024,9019,9020,3669,18,
,09:29:29,9024,9019,9020,3669,18,
,09:29:30,9024,9019,9020,3669,18,
,09:29:30,9024,9019,9021,3674,5,
,09:29:31,9024,9019,9021,3674,5,
,09:29:31,9024,9019,9021,3676,2,
,09:29:32,9024,9019,9021,3676,2,
,09:29:32,9024,9019,9021,3679,3,
,09:29:33,9024,9019,9021,3679,3,
,09:29:34,9024,9019,9020,3681,2,
,09:29:35,9024,9019,9020,3686,5,
,09:29:36,9024,9019,9020,3687,1,
,09:29:37,9024,9019,9020,3687,1,
,09:29:38,9024,9019,9020,3687,1,
,09:29:38,9024,9019,9019,3688,1,
,09:29:39,9024,9019,9019,3688,1,
,09:29:40,9024,9019,9019,3688,1,
,09:29:40,9024,9019,9019,3690,2,
,09:29:41,9024,9019,9019,3690,2,
,09:29:41,9024,9019,9019,3694,4,
,09:29:43,9024,9019,9019,3694,4,
,09:29:43,9024,9019,9019,3696,2,
,09:29:47,9024,9018,9018,3701,5,
,09:29:48,9024,9018,9018,3701,5,
,09:29:49,9024,9018,9018,3701,5,
,09:29:50,9024,9018,9018,3701,5,
,09:29:51,9024,9018,9018,3701,5,
,09:29:52,9024,9018,9018,3701,5,
,09:29:52,9024,9018,9018,3718,17,
,09:29:53,9024,9018,9018,3718,17,
,09:29:53,9024,9018,9018,3718,17,
,09:29:54,9024,9018,9018,3718,17,
,09:29:55,9024,9018,9018,3718,17,
,09:29:55,9024,9016,9016,3725,7,
,09:29:56,9024,9016,9016,3725,7,
,09:29:57,9024,9016,9016,3725,7,
,09:29:58,9024,9014,9015,3760,35,
,09:29:59,9024,9014,9016,3767,7,
,09:30:00,9015,9015,9015,3768,1,
,09:30:00,9017,9014,9015,3857,89,
,09:30:01,9017,9013,9014,3933,76,
,09:30:02,9017,9012,9014,3953,20,
,09:30:03,9017,9012,9014,3956,3,
,09:30:03,9017,9012,9015,3972,16,
,09:30:03,9019,9012,9019,4006,34,
,09:30:04,9019,9012,9016,4040,34,
,09:30:05,9019,9012,9018,4060,20,
,09:30:06,9020,9012,9019,4099,39,
,09:30:07,9025,9012,9025,4133,34,
,09:30:08,9025,9012,9025,4133,34,
,09:30:08,9025,9012,9024,4136,3,
,09:30:09,9025,9012,9024,4136,3,
,09:30:09,9025,9012,9024,4138,2,
,09:30:10,9025,9012,9023,4147,9,
,09:30:11,9025,9012,9021,4164,17,
,09:30:12,9025,9012,9023,4165,1,
,09:30:12,9025,9012,9023,4191,26,
,09:30:13,9025,9012,9022,4192,1,
,09:30:13,9025,9012,9020,4204,12,
,09:30:14,9025,9012,9020,4204,12,
,09:30:15,9025,9012,9020,4204,12,
,09:30:15,9025,9012,9019,4207,3,
,09:30:16,9025,9012,9020,4227,20,
,09:30:17,9025,9012,9020,4227,20,
,09:30:17,9025,9012,9021,4230,3,
,09:30:18,9025,9012,9022,4231,1,
,09:30:18,9027,9012,9026,4257,26,
,09:30:19,9027,9012,9027,4266,9,
,09:30:20,9027,9012,9025,4272,6,
,09:30:21,9027,9012,9026,4277,5,
,09:30:22,9027,9012,9024,4283,6,
,09:30:23,9027,9012,9024,4283,6,
,09:30:23,9027,9012,9023,4285,2,
,09:30:24,9027,9012,9024,4290,5,
,09:30:25,9027,9012,9024,4290,5,
,09:30:26,9027,9012,9024,4291,1,
,09:30:26,9027,9012,9023,4294,3,
,09:30:27,9027,9012,9023,4294,3,
,09:30:28,9027,9012,9023,4294,3,
,09:30:28,9027,9012,9023,4295,1,
,09:30:29,9027,9012,9023,4295,1,
,09:30:30,9027,9012,9022,4303,8,
,09:30:32,9027,9012,9022,4307,4,
,09:30:32,9027,9012,9022,4310,3,
,09:30:33,9027,9012,9021,4311,1,
,09:30:34,9027,9012,9023,4323,12,
,09:30:35,9027,9012,9023,4323,12,
,09:30:35,9027,9012,9022,4328,5,
,09:30:36,9027,9012,9022,4329,1,
,09:30:36,9027,9012,9022,4329,1,
,09:30:39,9027,9012,9021,4330,1,
,09:30:39,9027,9012,9021,4335,5,
,09:30:40,9027,9012,9021,4337,2,
,09:30:40,9027,9012,9021,4344,7,
,09:30:41,9027,9012,9021,4344,7,
,09:30:42,9027,9012,9020,4355,11,
,09:30:43,9027,9012,9020,4355,11,
,09:30:44,9027,9012,9018,4356,1,
,09:30:45,9027,9012,9018,4357,1,
,09:30:45,9027,9012,9018,4361,4,
,09:30:46,9027,9012,9018,4361,4,
,09:30:46,9027,9012,9016,4374,13,
,09:30:47,9027,9012,9016,4376,2,
,09:30:48,9027,9012,9016,4376,2,
,09:30:49,9027,9012,9017,4379,3,
,09:30:50,9027,9012,9017,4379,3,
,09:30:51,9027,9012,9017,4379,3,
,09:30:51,9027,9012,9017,4383,4,
,09:30:53,9027,9012,9017,4383,4,
,09:30:53,9027,9012,9016,4389,6,
,09:30:54,9027,9012,9016,4389,6,
,09:30:54,9027,9012,9017,4399,10,
,09:30:55,9027,9012,9016,4400,1,
,09:30:55,9027,9012,9016,4402,2,
,09:30:56,9027,9012,9017,4420,18,
,09:30:57,9027,9012,9018,4421,1,
,09:30:58,9027,9012,9018,4425,4,
,09:30:59,9027,9012,9018,4425,4,
,09:30:59,9027,9012,9019,4431,6,
,09:31:00,9019,9019,9019,4435,4,
,09:31:00,9020,9019,9020,4449,14,
,09:31:01,9023,9019,9021,4477,28,
,09:31:02,9023,9019,9022,4478,1,
,09:31:02,9023,9019,9023,4488,10,
,09:31:03,9023,9019,9023,4489,1,
,09:31:03,9024,9019,9024,4511,22,
,09:31:04,9024,9019,9024,4512,1,
,09:31:04,9024,9019,9023,4519,7,
,09:31:05,9024,9019,9022,4520,1,
,09:31:06,9024,9019,9021,4527,7,
,09:31:07,9024,9019,9021,4527,7,
,09:31:07,9024,9019,9020,4531,4,
,09:31:08,9024,9019,9019,4532,1,
,09:31:09,9024,9018,9018,4542,10,
,09:31:10,9024,9018,9018,4542,10,
,09:31:11,9024,9017,9017,4544,2,
,09:31:12,9024,9017,9017,4550,6,
,09:31:13,9024,9017,9017,4552,2,
,09:31:14,9024,9016,9016,4562,10,
,09:31:15,9024,9016,9016,4564,2,
,09:31:15,9024,9016,9016,4566,2,
,09:31:16,9024,9016,9018,4581,15,
,09:31:17,9024,9016,9019,4586,5,
,09:31:18,9024,9016,9019,4587,1,
,09:31:19,9024,9016,9019,4588,1,
,09:31:19,9024,9016,9019,4593,5,
,09:31:20,9024,9016,9019,4593,5,
,09:31:21,9024,9016,9019,4593,5,
,09:31:22,9024,9016,9020,4595,2,
,09:31:23,9024,9016,9021,4606,11,
,09:31:24,9024,9016,9021,4606,11,
,09:31:24,9024,9016,9021,4608,2,
,09:31:25,9024,9016,9021,4608,2,
,09:31:25,9024,9016,9019,4610,2,
,09:31:26,9024,9016,9019,4610,2,
,09:31:26,9024,9016,9017,4622,12,
,09:31:27,9024,9016,9017,4622,12,
,09:31:27,9024,9016,9016,4623,1,
,09:31:28,9024,9016,9016,4624,1,
,09:31:28,9024,9015,9015,4641,17,
,09:31:29,9024,9015,9015,4649,8,
,09:31:31,9024,9015,9015,4653,4,
,09:31:32,9024,9015,9015,4653,4,
,09:31:32,9024,9015,9016,4657,4,
,09:31:33,9024,9015,9016,4657,4,
,09:31:34,9024,9015,9016,4657,4,
,09:31:34,9024,9015,9015,4668,11,
,09:31:35,9024,9015,9015,4668,11,
,09:31:35,9024,9014,9014,4676,8,
,09:31:36,9024,9014,9014,4676,8,
,09:31:37,9024,9014,9014,4676,8,
,09:31:37,9024,9013,9013,4687,11,
,09:31:38,9024,9013,9013,4687,11,
,09:31:38,9024,9013,9014,4691,4,
,09:31:39,9024,9013,9014,4696,5,
,09:31:39,9024,9013,9013,4705,9,
,09:31:40,9024,9013,9013,4705,9,
,09:31:40,9024,9013,9014,4706,1,
,09:31:41,9024,9012,9012,4707,1,
,09:31:41,9024,9011,9011,4724,17,
,09:31:42,9024,9011,9011,4732,8,
,09:31:43,9024,9011,9011,4732,8,
,09:31:44,9024,9011,9011,4734,2,
,09:31:45,9024,9011,9011,4735,1,
,09:31:46,9024,9011,9011,4735,1,
,09:31:46,9024,9011,9011,4737,2,
,09:31:47,9024,9011,9012,4738,1,
,09:31:47,9024,9011,9012,4748,10,
,09:31:48,9024,9011,9012,4752,4,
,09:31:49,9024,9011,9012,4752,4,
,09:31:49,9024,9011,9014,4755,3,
,09:31:50,9024,9011,9014,4755,3,
,09:31:50,9024,9011,9014,4759,4,
,09:31:51,9024,9011,9014,4759,4,
,09:31:52,9024,9011,9014,4759,4,
,09:31:53,9024,9011,9014,4759,4,
,09:31:54,9024,9011,9012,4762,3,
,09:31:55,9024,9011,9012,4762,3,
,09:31:55,9024,9010,9010,4778,16,
,09:31:56,9024,9010,9010,4778,16,
,09:31:56,9024,9010,9010,4785,7,
,09:31:57,9024,9010,9010,4785,7,
,09:31:58,9024,9010,9010,4785,7,
,09:31:58,9024,9010,9010,4786,1,
,09:31:59,9024,9010,9010,4786,1,
,09:31:59,9024,9010,9010,4786,1,
,09:32:00,9011,9011,9011,4787,1,
,09:32:00,9011,9010,9011,4794,7,
,09:32:01,9011,9009,9009,4809,15,
,09:32:02,9011,9009,9009,4809,15,
,09:32:02,9011,9008,9008,4824,15,
,09:32:03,9011,9008,9008,4825,1,
,09:32:03,9011,9008,9008,4835,10,
,09:32:04,9011,9008,9008,4835,10,
,09:32:05,9011,9008,9008,4835,10,
,09:32:05,9011,9008,9008,4847,12,
,09:32:06,9011,9008,9011,4857,10,
,09:32:07,9011,9008,9011,4857,10,
,09:32:08,9011,9008,9010,4862,5,
,09:32:09,9011,9008,9010,4862,5,
,09:32:09,9011,9008,9010,4862,5,
,09:32:10,9011,9008,9010,4862,5,
,09:32:11,9011,9008,9010,4862,5,
,09:32:11,9011,9008,9009,4864,2,
,09:32:12,9011,9008,9009,4864,2,
,09:32:12,9011,9008,9009,4877,13,
,09:32:13,9011,9008,9009,4877,13,
,09:32:13,9011,9008,9010,4879,2,
,09:32:14,9011,9008,9010,4879,2,
,09:32:14,9011,9008,9009,4883,4,
,09:32:15,9011,9008,9009,4884,1,
,09:32:16,9011,9008,9009,4886,2,
,09:32:16,9011,9008,9008,4899,13,
,09:32:17,9011,9008,9008,4899,13,
,09:32:18,9011,9008,9008,4899,13,
,09:32:19,9011,9008,9008,4899,13,
,09:32:19,9011,9008,9009,4902,3,
,09:32:20,9011,9008,9009,4902,3,
,09:32:20,9011,9008,9009,4903,1,
,09:32:21,9011,9008,9008,4905,2,
,09:32:21,9011,9008,9009,4906,1,
,09:32:22,9011,9008,9009,4906,1,
,09:32:22,9011,9008,9009,4907,1,
,09:32:23,9011,9006,9006,4920,13,
,09:32:24,9011,9006,9006,4920,13,
,09:32:24,9011,9006,9008,4921,1,
,09:32:25,9011,9006,9008,4921,1,
,09:32:26,9011,9006,9008,4921,1,
,09:32:26,9011,9006,9008,4923,2,
,09:32:27,9011,9006,9009,4925,2,
,09:32:27,9011,9006,9008,4928,3,
,09:32:28,9011,9006,9008,4928,3,
,09:32:28,9011,9006,9008,4929,1,
,09:32:29,9011,9006,9008,4929,1,
,09:32:30,9011,9006,9009,4931,2,
,09:32:31,9011,9006,9009,4931,2,
,09:32:31,9011,9006,9008,4932,1,
,09:32:32,9011,9006,9008,4932,1,
,09:32:32,9011,9006,9007,4934,2,
,09:32:33,9011,9006,9007,4938,4,
,09:32:33,9011,9006,9007,4939,1,
,09:32:34,9011,9006,9007,4939,1,
,09:32:35,9011,9006,9007,4939,1,
,09:32:36,9011,9006,9007,4939,1,
,09:32:36,9011,9006,9006,4946,7,
,09:32:37,9011,9002,9003,4974,28,
,09:32:38,9011,9001,9001,4988,14,
,09:32:39,9011,9001,9002,4989,1,
,09:32:39,9011,9001,9001,4991,2,
,09:32:40,9011,9001,9001,4991,2,
,09:32:40,9011,9001,9001,4995,4,
,09:32:41,9011,9001,9001,4996,1,
,09:32:41,9011,9001,9001,5002,6,
,09:32:42,9011,9001,9002,5006,4,
,09:32:42,9011,9001,9004,5017,11,
,09:32:43,9011,9001,9004,5018,1,
,09:32:43,9011,9001,9004,5020,2,
,09:32:44,9011,9001,9004,5020,2,
,09:32:44,9011,9001,9004,5021,1,
,09:32:47,9011,9001,9004,5022,1,
,09:32:48,9011,9001,9004,5022,1,
,09:32:49,9011,9001,9003,5024,2,
,09:32:51,9011,9001,9003,5024,2,
,09:32:52,9011,9001,9003,5026,2,
,09:32:52,9011,9001,9003,5033,7,
,09:32:53,9011,9001,9003,5033,7,
,09:32:54,9011,9001,9003,5037,4,
,09:32:55,9011,9001,9003,5037,4,
,09:32:56,9011,9001,9003,5038,1,
,09:32:57,9011,9001,9002,5044,6,
,09:32:58,9011,9001,9002,5044,6,
,09:32:59,9011,9001,9002,5044,6,
,09:32:59,9011,9001,9002,5055,11,
,09:33:00,9002,9002,9002,5055,11,
,09:33:00,9002,9001,9001,5059,4,
,09:33:01,9002,9001,9001,5059,4,
,09:33:02,9002,9001,9001,5059,4,
,09:33:03,9002,8999,8999,5087,28,
,09:33:04,9002,8999,8999,5097,10,
,09:33:04,9002,8999,9000,5101,4,
,09:33:05,9002,8999,9000,5106,5,
,09:33:06,9002,8999,9000,5108,2,
,09:33:06,9002,8999,9000,5115,7,
,09:33:07,9002,8999,9000,5115,7,
,09:33:07,9002,8999,9000,5116,1,
,09:33:08,9002,8999,9001,5117,1,
,09:33:08,9002,8999,9000,5120,3,
,09:33:09,9002,8999,9000,5120,3,
,09:33:10,9002,8999,9000,5120,3,
,09:33:10,9002,8999,8999,5130,10,
,09:33:11,9002,8999,9001,5131,1,
,09:33:12,9002,8999,9001,5131,1,
,09:33:13,9002,8999,9001,5131,1,
,09:33:14,9002,8999,9001,5131,1,
,09:33:15,9002,8999,9000,5134,3,
,09:33:15,9002,8999,9000,5134,3,
,09:33:16,9002,8999,9000,5138,4,
,09:33:16,9002,8999,9001,5139,1,
,09:33:17,9002,8999,9001,5139,1,
,09:33:18,9002,8999,9001,5139,1,
,09:33:19,9002,8999,9001,5139,1,
,09:33:19,9002,8999,9001,5139,1,
,09:33:21,9003,8999,9002,5156,17,
,09:33:22,9003,8999,9002,5156,17,
,09:33:22,9003,8999,9003,5158,2,
,09:33:23,9003,8999,9003,5159,1,
,09:33:23,9004,8999,9004,5165,6,
,09:33:24,9004,8999,9003,5166,1,
,09:33:24,9005,8999,9005,5169,3,
,09:33:25,9006,8999,9004,5181,12,
,09:33:26,9006,8999,9004,5181,12,
,09:33:26,9006,8999,9005,5182,1,
,09:33:27,9006,8999,9005,5182,1,
,09:33:27,9006,8999,9004,5184,2,
,09:33:28,9006,8999,9004,5184,2,
,09:33:28,9006,8999,9003,5185,1,
,09:33:29,9006,8999,9004,5186,1,
,09:33:30,9006,8999,9004,5186,1,
,09:33:30,9006,8999,9002,5188,2,
,09:33:31,9006,8999,9002,5197,9,
,09:33:31,9006,8999,9002,5199,2,
,09:33:32,9006,8999,9002,5199,2,
,09:33:33,9006,8999,9004,5205,6,
,09:33:34,9006,8999,9004,5205,6,
,09:33:34,9006,8999,9004,5208,3,
,09:33:35,9006,8999,9004,5208,3,
,09:33:36,9006,8999,9005,5249,41,
,09:33:37,9006,8999,9005,5249,41,
,09:33:37,9006,8999,9006,5252,3,
,09:33:38,9009,8999,9009,5258,6,
,09:33:39,9009,8999,9009,5258,6,
,09:33:40,9009,8999,9009,5258,6,
,09:33:40,9009,8999,9008,5262,4,
,09:33:41,9009,8999,9006,5270,8,
,09:33:42,9009,8999,9006,5270,8,
,09:33:42,9009,8999,9005,5273,3,
,09:33:43,9009,8999,9005,5291,18,
,09:33:44,9009,8999,9005,5291,18,
,09:33:44,9009,8999,9005,5293,2,
,09:33:45,9009,8999,9005,5293,2,
,09:33:45,9009,8999,9005,5293,2,
,09:33:46,9009,8999,9004,5297,4,
,09:33:47,9009,8999,9004,5297,4,
,09:33:47,9009,8999,9006,5298,1,
,09:33:48,9009,8999,9007,5304,6,
,09:33:48,9009,8999,9007,5305,1,
,09:33:49,9009,8999,9008,5307,2,
,09:33:50,9009,8999,9008,5307,2,
,09:33:51,9009,8999,9007,5308,1,
,09:33:51,9009,8999,9008,5309,1,
,09:33:52,9009,8999,9008,5319,10,
,09:33:53,9009,8999,9007,5329,10,
,09:33:54,9009,8999,9007,5330,1,
,09:33:54,9009,8999,9007,5330,1,
,09:33:55,9009,8999,9007,5330,1,
,09:33:56,9009,8999,9007,5330,1,
,09:33:57,9009,8999,9008,5332,2,
,09:33:57,9009,8999,9008,5333,1,
,09:33:58,9009,8999,9008,5333,1,
,09:33:59,9009,8999,9008,5333,1,
,09:34:00,9008,9008,9008,5333,1,
,09:34:01,9008,9008,9008,5333,1,
,09:34:02,9008,9008,9008,5333,1,
,09:34:02,9009,9008,9009,5340,7,
,09:34:03,9009,9008,9009,5340,7,
,09:34:04,9009,9008,9009,5340,7,
,09:34:05,9009,9008,9009,5340,7,
,09:34:05,9009,9008,9008,5341,1,
,09:34:07,9009,9008,9008,5342,1,
,09:34:07,9009,9008,9008,5347,5,
,09:34:08,9009,9008,9008,5347,5,
,09:34:08,9009,9008,9009,5349,2,
,09:34:09,9009,9008,9009,5350,1,
,09:34:09,9009,9008,9009,5352,2,
,09:34:10,9009,9008,9009,5352,2,
,09:34:10,9010,9008,9010,5360,8,
,09:34:11,9010,9008,9010,5361,1,
,09:34:11,9011,9008,9011,5376,15,
,09:34:12,9012,9008,9012,5385,9,
,09:34:13,9012,9008,9012,5387,2,
,09:34:13,9012,9008,9012,5393,6,
,09:34:14,9012,9008,9012,5393,6,
,09:34:15,9012,9008,9012,5393,6,
,09:34:15,9012,9008,9011,5396,3,
,09:34:16,9013,9008,9013,5408,12,
,09:34:17,9013,9008,9013,5408,12,
,09:34:17,9013,9008,9013,5412,4,
,09:34:18,9013,9008,9013,5417,5,
,09:34:19,9013,9008,9013,5417,5,
,09:34:19,9013,9008,9013,5420,3,
,09:34:20,9013,9008,9013,5420,3,
,09:34:20,9015,9008,9015,5428,8,
,09:34:21,9016,9008,9016,5436,8,
,09:34:22,9017,9008,9017,5437,1,
,09:34:22,9017,9008,9015,5445,8,
,09:34:23,9017,9008,9015,5445,8,
,09:34:24,9017,9008,9015,5445,8,
,09:34:24,9017,9008,9014,5469,24,
,09:34:25,9017,9008,9014,5469,24,
,09:34:26,9017,9008,9013,5470,1,
,09:34:26,9017,9008,9013,5470,1,
,09:34:27,9017,9008,9014,5472,2,
,09:34:28,9017,9008,9014,5472,2,
,09:34:28,9017,9008,9014,5474,2,
,09:34:29,9017,9008,9014,5474,2,
,09:34:30,9017,9008,9014,5474,2,
,09:34:31,9017,9008,9014,5474,2,
,09:34:32,9017,9008,9013,5475,1,
,09:34:33,9017,9008,9013,5475,1,
,09:34:33,9017,9008,9013,5479,4,
,09:34:34,9017,9008,9013,5491,12,
,09:34:35,9017,9008,9013,5494,3,
,09:34:35,9017,9008,9014,5502,8,
,09:34:36,9017,9008,9014,5502,8,
,09:34:36,9017,9008,9015,5509,7,
,09:34:37,9017,9008,9015,5514,5,
,09:34:38,9017,9008,9015,5517,3,
,09:34:39,9017,9008,9015,5517,3,
,09:34:39,9017,9008,9015,5517,3,
,09:34:40,9017,9008,9015,5518,1,
,09:34:41,9017,9008,9015,5518,1,
,09:34:41,9017,9008,9015,5523,5,
,09:34:42,9017,9008,9015,5523,5,
,09:34:42,9017,9008,9014,5530,7,
,09:34:43,9017,9008,9015,5532,2,
,09:34:43,9017,9008,9014,5539,7,
,09:34:44,9017,9008,9014,5539,7,
,09:34:44,9017,9008,9014,5539,7,
,09:34:45,9017,9008,9014,5539,7,
,09:34:46,9017,9008,9014,5539,7,
,09:34:47,9017,9008,9014,5539,7,
,09:34:48,9017,9008,9016,6157,618,
,09:34:49,9017,9008,9016,6176,19,
,09:34:50,9017,9008,9016,6180,4,
,09:34:51,9017,9008,9016,6180,4,
,09:34:52,9017,9008,9016,6181,1,
,09:34:52,9017,9008,9014,6185,4,
,09:34:53,9017,9008,9014,6185,4,
,09:34:53,9017,9008,9014,6197,12,
,09:34:54,9017,9008,9014,6199,2,
,09:34:54,9017,9008,9014,6199,2,
,09:34:55,9017,9008,9014,6200,1,
,09:34:55,9017,9008,9014,6200,1,
,09:34:56,9017,9008,9014,6200,1,
,09:34:57,9017,9008,9014,6200,1,
,09:34:58,9017,9008,9015,6204,4,
,09:34:59,9017,9008,9015,6204,4,
,09:34:59,9017,9008,9014,6209,5,
,09:35:00,9013,9013,9013,6210,1,
,09:35:00,9013,9010,9010,6222,12,
,09:35:01,9013,9008,9010,6257,35,
,09:35:02,9013,9008,9011,6261,4,
,09:35:02,9013,9008,9011,6265,4,
,09:35:03,9013,9008,9011,6265,4,
,09:35:03,9013,9008,9011,6266,1,
,09:35:04,9013,9008,9012,6268,2,
,09:35:05,9013,9008,9012,6268,2,
,09:35:05,9013,9008,9010,6269,1,
,09:35:06,9013,9008,9011,6271,2,
,09:35:07,9013,9008,9011,6271,2,
,09:35:08,9013,9008,9011,6271,2,
,09:35:08,9013,9008,9012,6276,5,
,09:35:09,9013,9008,9012,6277,1,
,09:35:10,9013,9008,9012,6277,1,
,09:35:10,9013,9008,9011,6279,2,
,09:35:11,9013,9008,9011,6279,2,
,09:35:11,9013,9008,9011,6279,2,
,09:35:12,9013,9008,9011,6281,2,
,09:35:13,9013,9008,9011,6281,2,
,09:35:13,9013,9008,9010,6288,7,
,09:35:14,9013,9008,9010,6297,9,
,09:35:15,9013,9008,9010,6297,9,
,09:35:15,9013,9008,9009,6301,4,
,09:35:16,9013,9008,9009,6301,4,
,09:35:16,9013,9008,9009,6302,1,
,09:35:17,9013,9008,9009,6302,1,
,09:35:17,9013,9008,9010,6303,1,
,09:35:17,9013,9008,9010,6305,2,
,09:35:18,9013,9008,9010,6305,2,
,09:35:19,9013,9008,9011,6307,2,
,09:35:20,9013,9008,9011,6307,2,
,09:35:20,9013,9008,9010,6308,1,
,09:35:21,9013,9008,9010,6308,1,
,09:35:21,9013,9008,9010,6309,1,
,09:35:22,9013,9008,9011,6313,4,
,09:35:23,9013,9008,9010,6314,1,
,09:35:24,9013,9008,9010,6314,1,
,09:35:27,9013,9008,9010,6314,1,
,09:35:27,9013,9008,9011,6327,13,
,09:35:28,9013,9008,9011,6327,13,
,09:35:28,9013,9008,9011,6328,1,
,09:35:29,9013,9008,9011,6328,1,
,09:35:29,9013,9008,9011,6330,2,
,09:35:30,9013,9008,9011,6330,2,
,09:35:30,9013,9008,9011,6331,1,
,09:35:31,9013,9008,9011,6331,1,
,09:35:31,9013,9008,9011,6333,2,
,09:35:32,9013,9008,9011,6337,4,
,09:35:33,9013,9008,9010,6338,1,
,09:35:33,9013,9008,9011,6343,5,
,09:35:34,9013,9008,9011,6343,5,
,09:35:34,9013,9008,9011,6348,5,
,09:35:35,9013,9008,9011,6350,2,
,09:35:36,9013,9008,9012,6352,2,
,09:35:37,9013,9008,9012,6352,2,
,09:35:38,9013,9008,9012,6352,2,
,09:35:38,9013,9008,9012,6352,2,
,09:35:39,9013,9008,9012,6352,2,
,09:35:40,9013,9008,9012,6352,2,
,09:35:40,9013,9008,9012,6354,2,
,09:35:41,9013,9008,9012,6354,2,
,09:35:41,9013,9008,9012,6354,2,
,09:35:43,9013,9008,9012,6354,2,
,09:35:43,9013,9008,9013,6363,9,
,09:35:44,9013,9008,9013,6363,9,
,09:35:44,9013,9008,9013,6364,1,
,09:35:46,9013,9008,9013,6364,1,
,09:35:47,9014,9008,9014,6392,28,
,09:35:48,9014,9008,9014,6392,28,
,09:35:48,9014,9008,9014,6393,1,
,09:35:49,9014,9008,9014,6393,1,
,09:35:49,9016,9008,9016,6400,7,
,09:35:50,9017,9008,9017,6401,1,
,09:35:51,9017,9008,9017,6401,1,
,09:35:51,9017,9008,9014,6402,1,
,09:35:52,9017,9008,9014,6402,1,
,09:35:53,9017,9008,9014,6402,1,
,09:35:54,9017,9008,9014,6402,1,
,09:35:55,9017,9008,9014,6402,1,
,09:35:55,9017,9008,9014,6403,1,
,09:35:56,9017,9008,9014,6405,2,
,09:35:57,9017,9008,9012,6406,1,
,09:35:58,9017,9008,9012,6406,1,
,09:35:58,9017,9008,9013,6411,5,
,09:35:59,9017,9008,9013,6411,5,
,09:35:59,9017,9008,9012,6471,60,
,09:36:00,9013,9013,9013,6472,1,
,09:36:00,9013,9013,9013,6473,1,
,09:36:01,9013,9013,9013,6476,3,
,09:36:01,9015,9013,9015,6478,2,
,09:36:02,9015,9013,9015,6478,2,
,09:36:03,9015,9013,9015,6518,40,
,09:36:04,9015,9013,9015,6518,40,
,09:36:04,9015,9013,9015,6518,40,
,09:36:05,9015,9013,9015,6518,40,
,09:36:06,9015,9013,9015,6518,40,
,09:36:06,9015,9013,9015,6520,2,
,09:36:07,9015,9013,9015,6520,2,
,09:36:07,9015,9013,9014,6521,1,
,09:36:08,9015,9013,9014,6521,1,
,09:36:08,9015,9013,9013,6522,1,
,09:36:09,9015,9013,9013,6522,1,
,09:36:09,9015,9013,9013,6522,1,
,09:36:10,9015,9012,9012,6523,1,
,09:36:11,9015,9012,9012,6523,1,
,09:36:11,9015,9012,9012,6529,6,
,09:36:12,9015,9012,9012,6531,2,
,09:36:13,9015,9011,9011,6532,1,
,09:36:14,9015,9011,9011,6532,1,
,09:36:15,9015,9011,9011,6532,1,
,09:36:16,9015,9010,9010,6557,25,
,09:36:17,9015,9010,9012,6577,20,
,09:36:18,9015,9010,9012,6577,20,
,09:36:18,9015,9010,9010,6583,6,
,09:36:19,9015,9010,9010,6583,6,
,09:36:19,9015,9010,9011,6590,7,
,09:36:20,9015,9010,9011,6590,7,
,09:36:21,9015,9010,9011,6590,7,
,09:36:21,9015,9010,9012,6665,75,
,09:36:22,9015,9010,9013,6666,1,
,09:36:22,9015,9010,9012,6668,2,
,09:36:23,9015,9010,9013,6669,1,
,09:36:23,9015,9010,9013,6673,4,
,09:36:24,9015,9010,9013,6673,4,
,09:36:24,9015,9010,9013,6675,2,
,09:36:25,9015,9010,9012,6676,1,
,09:36:25,9015,9010,9012,6676,1,
,09:36:26,9015,9010,9012,6676,1,
,09:36:26,9015,9010,9012,6677,1,
,09:36:27,9015,9010,9012,6677,1,
,09:36:27,9015,9010,9012,6677,1,
,09:36:29,9015,9010,9011,6687,10,
,09:36:30,9015,9010,9011,6687,10,
,09:36:30,9015,9010,9011,6687,10,
,09:36:31,9015,9010,9010,6707,20,
,09:36:32,9015,9010,9010,6707,20,
,09:36:32,9015,9009,9009,6710,3,
,09:36:33,9015,9007,9007,6723,13,
,09:36:34,9015,9007,9007,6723,13,
,09:36:34,9015,9007,9007,6725,2,
,09:36:35,9015,9007,9007,6725,2,
,09:36:35,9015,9005,9005,6731,6,
,09:36:36,9015,9005,9005,6735,4,
,09:36:37,9015,9005,9005,6735,4,
,09:36:37,9015,9005,9006,6737,2,
,09:36:38,9015,9005,9006,6737,2,
,09:36:38,9015,9005,9006,6739,2,
,09:36:39,9015,9005,9006,6739,2,
,09:36:39,9015,9005,9007,6741,2,
,09:36:40,9015,9005,9007,6741,2,
,09:36:40,9015,9005,9007,6741,2,
,09:36:42,9015,9005,9007,6742,1,
,09:36:42,9015,9005,9007,6743,1,
,09:36:43,9015,9005,9008,6744,1,
,09:36:43,9015,9005,9008,6755,11,
,09:36:44,9015,9005,9008,6755,11,
,09:36:45,9015,9005,9008,6755,11,
,09:36:46,9015,9005,9008,6767,12,
,09:36:47,9015,9005,9010,6772,5,
,09:36:48,9015,9005,9009,6774,2,
,09:36:48,9015,9005,9010,6788,14,
,09:36:49,9015,9005,9012,6795,7,
,09:36:50,9015,9005,9012,6795,7,
,09:36:51,9015,9005,9012,6795,7,
,09:36:51,9015,9005,9010,6796,1,
,09:36:52,9015,9005,9010,6796,1,
,09:36:52,9015,9005,9011,6799,3,
,09:36:53,9015,9005,9011,6799,3,
,09:36:53,9015,9005,9011,6800,1,
,09:36:54,9015,9005,9011,6800,1,
,09:36:55,9015,9005,9011,6800,1,
,09:36:56,9015,9005,9010,6816,16,
,09:36:57,9015,9005,9009,6818,2,
,09:36:57,9015,9005,9009,6855,37,
,09:36:58,9015,9005,9009,6855,37,
,09:36:58,9015,9005,9010,6872,17,
,09:36:59,9015,9005,9008,6903,31,
,09:37:00,9007,9007,9007,6904,1,
,09:37:00,9007,9006,9006,6912,8,
,09:37:01,9007,9006,9006,6912,8,
,09:37:01,9007,9006,9007,6913,1,
,09:37:02,9007,9006,9007,6916,3,
,09:37:03,9007,9006,9006,6927,11,
,09:37:04,9007,9005,9005,6928,1,
,09:37:04,9007,9005,9006,6930,2,
,09:37:05,9007,9005,9007,6932,2,
,09:37:05,9007,9005,9007,6939,7,
,09:37:06,9008,9005,9008,6980,41,
,09:37:07,9008,9005,9008,6980,41,
,09:37:08,9008,9005,9008,6980,41,
,09:37:09,9008,9005,9008,6980,41,
,09:37:09,9008,9005,9006,6989,9,
,09:37:10,9008,9005,9006,6990,1,
,09:37:10,9008,9005,9007,6995,5,
,09:37:11,9008,9005,9007,6995,5,
,09:37:12,9008,9005,9007,6995,5,
,09:37:12,9008,9005,9007,6995,5,
,09:37:14,9008,9005,9006,6996,1,
,09:37:14,9008,9005,9006,7002,6,
,09:37:15,9008,9005,9007,7005,3,
,09:37:16,9008,9005,9007,7005,3,
,09:37:16,9009,9005,9009,7018,13,
,09:37:17,9010,9005,9010,7020,2,
,09:37:17,9010,9005,9010,7022,2,
,09:37:18,9010,9005,9010,7023,1,
,09:37:18,9014,9005,9013,7044,21,
,09:37:19,9014,9005,9013,7044,21,
,09:37:19,9014,9005,9013,7050,6,
,09:37:20,9014,9005,9013,7050,6,
,09:37:20,9016,9005,9016,7060,10,
,09:37:21,9016,9005,9015,7065,5,
,09:37:22,9016,9005,9015,7065,5,
,09:37:22,9016,9005,9013,7066,1,
,09:37:23,9016,9005,9014,7077,11,
,09:37:24,9016,9005,9014,7077,11,
,09:37:24,9016,9005,9013,7079,2,
,09:37:25,9016,9005,9013,7079,2,
,09:37:25,9016,9005,9014,7080,1,
,09:37:26,9016,9005,9014,7080,1,
,09:37:27,9016,9005,9014,7081,1,
,09:37:27,9016,9005,9014,7085,4,
,09:37:28,9016,9005,9014,7085,4,
,09:37:28,9016,9005,9014,7095,10,
,09:37:29,9016,9005,9014,7098,3,
,09:37:30,9016,9005,9015,7099,1,
,09:37:31,9016,9005,9015,7100,1,
,09:37:31,9016,9005,9016,7106,6,
,09:37:32,9016,9005,9016,7108,2,
,09:37:33,9016,9005,9016,7108,2,
,09:37:33,9016,9005,9014,7112,4,
,09:37:34,9016,9005,9014,7112,4,
,09:37:34,9016,9005,9013,7119,7,
,09:37:35,9016,9005,9013,7119,7,
,09:37:35,9016,9005,9012,7124,5,
,09:37:36,9016,9005,9012,7129,5,
,09:37:36,9016,9005,9012,7130,1,
,09:37:37,9016,9005,9012,7135,5,
,09:37:37,9016,9005,9011,7142,7,
,09:37:38,9016,9005,9011,7142,7,
,09:37:38,9016,9005,9012,7144,2,
,09:37:39,9016,9005,9012,7144,2,
,09:37:39,9016,9005,9013,7148,4,
,09:37:40,9016,9005,9012,7149,1,
,09:37:40,9016,9005,9009,7153,4,
,09:37:41,9016,9005,9009,7153,4,
,09:37:42,9016,9005,9011,7154,1,
,09:37:42,9016,9005,9013,7158,4,
,09:37:43,9016,9005,9013,7158,4,
,09:37:43,9016,9005,9013,7159,1,
,09:37:44,9016,9005,9013,7159,1,
,09:37:44,9016,9005,9016,7188,29,
,09:37:45,9016,9005,9016,7188,29,
,09:37:45,9018,9005,9018,7194,6,
,09:37:46,9018,9005,9017,7196,2,
,09:37:47,9018,9005,9018,7197,1,
,09:37:48,9018,9005,9017,7198,1,
,09:37:49,9018,9005,9017,7198,1,
,09:37:50,9018,9005,9017,7198,1,
,09:37:50,9018,9005,9015,7200,2,
,09:37:51,9018,9005,9015,7200,2,
,09:37:51,9018,9005,9016,7201,1,
,09:37:53,9018,9005,9016,7201,1,
,09:37:53,9018,9005,9015,7203,2,
,09:37:54,9018,9005,9015,7203,2,
,09:37:55,9018,9005,9015,7204,1,
,09:37:56,9018,9005,9015,7206,2,
,09:37:57,9018,9005,9014,7207,1,
,09:37:57,9018,9005,9014,7208,1,
,09:37:58,9018,9005,9014,7208,1,
,09:37:58,9018,9005,9013,7209,1,
,09:37:59,9018,9005,9013,7210,1,
,09:37:59,9018,9005,9014,7212,2,
,09:38:00,9014,9014,9014,7212,2,
,09:38:00,9015,9014,9015,7213,1,
,09:38:01,9015,9014,9015,7213,1,
,09:38:02,9015,9014,9015,7213,1,
,09:38:02,9015,9014,9014,7215,2,
,09:38:03,9015,9014,9014,7216,1,
,09:38:03,9015,9014,9014,7217,1,
,09:38:04,9015,9014,9014,7230,13,
,09:38:05,9015,9014,9015,7234,4,
,09:38:05,9017,9014,9017,7304,70,
,09:38:06,9018,9014,9018,7305,1,
,09:38:06,9018,9014,9018,7306,1,
,09:38:07,9018,9014,9018,7306,1,
,09:38:07,9018,9014,9018,7327,21,
,09:38:08,9018,9014,9018,7327,21,
,09:38:09,9018,9014,9017,7328,1,
,09:38:09,9018,9014,9018,7332,4,
,09:38:10,9018,9014,9018,7332,4,
,09:38:10,9018,9014,9018,7332,4,
,09:38:12,9019,9014,9019,7337,5,
,09:38:13,9019,9014,9019,7337,5,
,09:38:13,9020,9014,9020,7347,10,
,09:38:14,9020,9014,9020,7347,10,
,09:38:14,9021,9014,9020,7407,60,
,09:38:15,9021,9014,9021,7408,1,
,09:38:15,9021,9014,9021,7420,12,
,09:38:16,9021,9014,9021,7420,12,
,09:38:16,9021,9014,9020,7433,13,
,09:38:17,9021,9014,9020,7433,13,
,09:38:18,9021,9014,9020,7435,2,
,09:38:18,9021,9014,9020,7435,2,
,09:38:19,9021,9014,9020,7435,2,
,09:38:19,9021,9014,9020,7436,1,
,09:38:20,9021,9014,9018,7452,16,
,09:38:21,9021,9014,9018,7452,16,
,09:38:21,9021,9014,9018,7453,1,
,09:38:22,9021,9014,9018,7453,1,
,09:38:24,9021,9014,9018,7453,1,
,09:38:25,9021,9014,9019,7454,1,
,09:38:26,9021,9014,9019,7457,3,
,09:38:28,9021,9014,9019,7457,3,
,09:38:29,9021,9014,9019,7457,3,
,09:38:30,9021,9014,9019,7457,3,
,09:38:31,9021,9014,9019,7457,3,
,09:38:31,9021,9014,9019,7457,3,
,09:38:32,9021,9014,9019,7457,3,
,09:38:33,9021,9014,9019,7457,3,
,09:38:34,9021,9014,9015,7470,13,
,09:38:35,9021,9014,9015,7471,1,
,09:38:36,9021,9014,9015,7471,1,
,09:38:36,9021,9014,9015,7475,4,
,09:38:37,9021,9014,9015,7475,4,
,09:38:38,9021,9014,9015,7475,4,
,09:38:38,9021,9014,9015,7484,9,
,09:38:39,9021,9014,9015,7484,9,
,09:38:39,9021,9014,9017,7494,10,
,09:38:40,9021,9014,9017,7494,10,
,09:38:41,9021,9014,9017,7495,1,
,09:38:42,9021,9014,9017,7495,1,
,09:38:42,9021,9014,9016,7496,1,
,09:38:43,9021,9014,9016,7496,1,
,09:38:45,9021,9014,9015,7497,1,
,09:38:45,9021,9014,9015,7499,2,
,09:38:46,9021,9014,9015,7499,2,
,09:38:47,9021,9014,9016,7500,1,
,09:38:48,9021,9014,9016,7500,1,
,09:38:49,9021,9014,9016,7500,1,
,09:38:50,9021,9014,9015,7501,1,
,09:38:51,9021,9014,9017,7550,49,
,09:38:51,9021,9014,9018,7554,4,
,09:38:52,9021,9014,9018,7555,1,
,09:38:52,9021,9014,9019,7556,1,
,09:38:53,9021,9014,9019,7556,1,
,09:38:53,9021,9014,9018,7558,2,
,09:38:54,9021,9014,9018,7562,4,
,09:38:55,9021,9014,9017,7563,1,
,09:38:55,9021,9014,9017,7563,1,
,09:38:57,9021,9014,9017,7563,1,
,09:38:57,9021,9014,9018,7564,1,
,09:38:58,9021,9014,9018,7565,1,
,09:38:59,9021,9014,9019,7566,1,
,09:38:59,9021,9014,9017,7574,8,
,09:39:00,9018,9018,9018,7575,1,
,09:39:00,9018,9017,9017,7877,302,
,09:39:01,9018,9017,9017,7877,302,
,09:39:01,9018,9017,9017,7878,1,
,09:39:02,9018,9017,9017,7878,1,
,09:39:03,9018,9017,9017,7878,1,
,09:39:04,9018,9017,9017,7878,1,
,09:39:04,9018,9017,9017,7884,6,
,09:39:05,9019,9017,9017,7904,20,
,09:39:06,9019,9017,9017,7904,20,
,09:39:06,9019,9017,9017,7905,1,
,09:39:07,9019,9017,9017,7905,1,
,09:39:08,9019,9017,9017,7905,1,
,09:39:08,9019,9016,9016,7924,19,
,09:39:09,9019,9016,9016,7924,19,
,09:39:09,9019,9016,9018,7926,2,
,09:39:10,9019,9016,9018,7926,2,
,09:39:10,9019,9016,9017,7927,1,
,09:39:11,9019,9016,9017,7929,2,
,09:39:12,9019,9016,9017,7929,2,
,09:39:12,9019,9016,9017,7929,2,
,09:39:13,9019,9016,9017,7929,2,
,09:39:15,9019,9016,9017,7929,2,
,09:39:15,9019,9016,9018,7930,1,
,09:39:16,9019,9016,9018,7930,1,
,09:39:16,9019,9016,9018,7931,1,
,09:39:17,9019,9016,9018,7931,1,
,09:39:17,9019,9016,9017,7934,3,
,09:39:18,9019,9016,9017,7934,3,
,09:39:18,9019,9016,9017,7935,1,
,09:39:19,9019,9016,9017,7935,1,
,09:39:19,9019,9016,9017,7936,1,
,09:39:20,9019,9016,9017,7937,1,
,09:39:21,9019,9016,9017,7937,1,
,09:39:21,9019,9016,9017,7937,1,
,09:39:23,9019,9016,9017,7937,1,
,09:39:23,9019,9016,9016,7938,1,
,09:39:24,9019,9015,9016,7963,25,
,09:39:25,9019,9014,9014,7964,1,
,09:39:26,9019,9014,9015,7965,1,
,09:39:27,9019,9014,9015,7966,1,
,09:39:28,9019,9014,9017,7976,10,
,09:39:29,9019,9014,9017,7976,10,
,09:39:30,9019,9014,9017,7976,10,
,09:39:30,9019,9014,9018,7979,3,
,09:39:31,9019,9014,9018,7979,3,
,09:39:31,9019,9014,9018,7979,3,
,09:39:33,9019,9014,9018,7979,3,
,09:39:34,9019,9014,9018,7979,3,
,09:39:34,9019,9014,9017,7987,8,
,09:39:35,9019,9014,9017,7987,8,
,09:39:36,9019,9014,9018,7989,2,
,09:39:37,9019,9014,9018,7989,2,
,09:39:37,9019,9014,9019,7992,3,
,09:39:38,9019,9014,9019,7992,3,
,09:39:39,9020,9014,9020,7997,5,
,09:39:40,9020,9014,9020,7997,5,
,09:39:40,9020,9014,9020,7998,1,
,09:39:41,9021,9014,9021,8000,2,
,09:39:41,9021,9014,9021,8001,1,
,09:39:42,9021,9014,9021,8001,1,
,09:39:42,9021,9014,9021,8003,2,
,09:39:43,9022,9014,9022,8008,5,
,09:39:44,9022,9014,9020,8011,3,
,09:39:45,9022,9014,9020,8011,3,
,09:39:46,9022,9014,9020,8011,3,
,09:39:47,9022,9014,9020,8011,3,
,09:39:47,9022,9014,9019,8012,1,
,09:39:49,9022,9014,9019,8013,1,
,09:39:49,9022,9014,9017,8023,10,
,09:39:50,9022,9014,9017,8023,10,
,09:39:51,9022,9014,9017,8025,2,
,09:39:52,9022,9014,9017,8025,2,
,09:39:52,9022,9014,9019,8026,1,
,09:39:53,9022,9014,9019,8026,1,
,09:39:53,9022,9014,9019,8029,3,
,09:39:54,9022,9014,9020,8030,1,
,09:39:55,9022,9014,9020,8030,1,
,09:39:56,9022,9014,9021,8031,1,
,09:39:57,9022,9014,9020,8041,10,
,09:39:57,9022,9014,9020,8043,2,
,09:39:58,9022,9014,9020,8043,2,
,09:39:59,9022,9014,9020,8043,2,
,09:40:00,9020,9020,9020,8043,2,
,09:40:00,9022,9020,9022,8048,5,
,09:40:01,9022,9020,9022,8048,5,
,09:40:02,9022,9020,9022,8048,5,
,09:40:03,9022,9020,9022,8048,5,
,09:40:03,9022,9020,9022,8059,11,
,09:40:04,9022,9020,9022,8059,11,
,09:40:05,9022,9020,9022,8059,11,
,09:40:06,9022,9020,9021,8063,4,
,09:40:07,9022,9020,9021,8064,1,
,09:40:07,9022,9020,9021,8066,2,
,09:40:08,9022,9020,9021,8066,2,
,09:40:08,9022,9020,9021,8068,2,
,09:40:09,9022,9020,9021,8068,2,
,09:40:09,9022,9020,9020,8073,5,
,09:40:10,9022,9020,9020,8073,5,
,09:40:13,9022,9020,9020,8080,7,
,09:40:14,9022,9020,9020,8080,7,
,09:40:15,9022,9020,9020,8080,7,
,09:40:15,9022,9019,9019,8084,4,
,09:40:16,9022,9019,9019,8084,4,
,09:40:17,9022,9019,9019,8087,3,
,09:40:18,9022,9017,9017,8109,22,
,09:40:19,9022,9017,9017,8109,22,
,09:40:20,9022,9017,9017,8109,22,
,09:40:20,9022,9017,9019,8110,1,
,09:40:21,9022,9017,9019,8112,2,
,09:40:21,9022,9017,9019,8112,2,
,09:40:22,9022,9017,9021,8117,5,
,09:40:23,9022,9017,9021,8117,5,
,09:40:24,9022,9017,9021,8117,5,
,09:40:24,9022,9017,9020,8118,1,
,09:40:25,9022,9017,9020,8120,2,
,09:40:26,9022,9017,9019,8121,1,
,09:40:27,9022,9017,9020,8122,1,
,09:40:28,9022,9017,9020,8124,2,
,09:40:28,9022,9017,9020,8124,2,
,09:40:30,9022,9017,9020,8124,2,
,09:40:31,9022,9017,9020,8125,1,
,09:40:32,9022,9017,9020,8126,1,
,09:40:33,9022,9017,9020,8126,1,
,09:40:34,9022,9017,9019,8127,1,
,09:40:34,9022,9017,9019,8131,4,
,09:40:35,9022,9017,9019,8131,4,
,09:40:35,9022,9017,9019,8131,4,
,09:40:36,9022,9017,9018,8133,2,
,09:40:37,9022,9016,9016,8157,24,
,09:40:38,9022,9016,9016,8158,1,
,09:40:38,9022,9016,9016,8160,2,
,09:40:39,9022,9016,9016,8160,2,
,09:40:39,9022,9016,9017,8162,2,
,09:40:40,9022,9016,9017,8162,2,
,09:40:40,9022,9015,9015,8178,16,
,09:40:41,9022,9015,9015,8179,1,
,09:40:41,9022,9014,9015,8196,17,
,09:40:42,9022,9014,9015,8196,17,
,09:40:42,9022,9014,9015,8197,1,
,09:40:43,9022,9014,9015,8197,1,
,09:40:43,9022,9014,9015,8199,2,
,09:40:44,9022,9014,9015,8199,2,
,09:40:44,9022,9014,9014,8201,2,
,09:40:45,9022,9013,9013,8204,3,
,09:40:46,9022,9013,9013,8205,1,
,09:40:47,9022,9013,9013,8207,2,
,09:40:47,9022,9013,9013,8208,1,
,09:40:48,9022,9013,9013,8208,1,
,09:40:49,9022,9013,9013,8210,2,
,09:40:50,9022,9013,9013,8212,2,
,09:40:50,9022,9013,9013,8212,2,
,09:40:51,9022,9013,9013,8212,2,
,09:40:51,9022,9012,9012,8213,1,
,09:40:52,9022,9011,9012,8232,19,
,09:40:53,9022,9011,9012,8233,1,
,09:40:53,9022,9011,9013,8236,3,
,09:40:54,9022,9011,9013,8236,3,
,09:40:54,9022,9011,9013,8236,3,
,09:40:55,9022,9011,9011,8242,6,
,09:40:56,9022,9011,9011,8242,6,
,09:40:57,9022,9011,9011,8244,2,
,09:40:58,9022,9011,9011,8244,2,
,09:40:58,9022,9011,9012,8245,1,
,09:40:59,9022,9011,9012,8245,1,
,09:40:59,9022,9011,9013,8246,1,
,09:41:00,9014,9014,9014,8249,3,
,09:41:00,9014,9013,9013,8254,5,
,09:41:01,9014,9013,9013,8255,1,
,09:41:01,9014,9013,9013,8256,1,
,09:41:02,9014,9013,9013,8256,1,
,09:41:03,9014,9013,9013,8256,1,
,09:41:04,9014,9013,9013,8256,1,
,09:41:04,9014,9012,9012,8264,8,
,09:41:05,9014,9012,9012,8264,8,
,09:41:06,9014,9011,9011,8265,1,
,09:41:06,9014,9010,9010,8281,16,
,09:41:07,9014,9010,9010,8281,16,
,09:41:07,9014,9007,9007,8308,27,
,09:41:08,9014,9007,9007,8310,2,
,09:41:09,9014,9007,9009,8347,37,
,09:41:10,9014,9007,9009,8347,37,
,09:41:10,9014,9007,9010,8352,5,
,09:41:11,9014,9007,9010,8352,5,
,09:41:11,9014,9007,9009,8358,6,
,09:41:12,9014,9007,9009,8358,6,
,09:41:13,9014,9007,9009,8358,6,
,09:41:13,9014,9007,9010,8359,1,
,09:41:14,9014,9007,9010,8359,1,
,09:41:14,9014,9007,9011,8366,7,
,09:41:15,9014,9007,9011,8366,7,
,09:41:15,9014,9007,9010,8367,1,
,09:41:16,9014,9007,9010,8367,1,
,09:41:16,9014,9007,9009,8386,19,
,09:41:17,9014,9007,9009,8386,19,
,09:41:18,9014,9007,9009,8390,4,
,09:41:18,9014,9007,9010,8405,15,
,09:41:19,9014,9007,9010,8405,15,
,09:41:19,9014,9007,9011,8407,2,
,09:41:20,9014,9007,9011,8407,2,
,09:41:20,9014,9007,9012,8417,10,
,09:41:21,9014,9007,9012,8417,10,
,09:41:22,9014,9007,9012,8418,1,
,09:41:23,9014,9007,9011,8420,2,
,09:41:24,9014,9007,9011,8420,2,
,09:41:24,9014,9007,9009,8441,21,
,09:41:25,9014,9007,9008,8447,6,
,09:41:27,9014,9007,9008,8448,1,
,09:41:28,9014,9007,9008,8448,1,
,09:41:28,9014,9007,9008,8450,2,
,09:41:29,9014,9007,9008,8450,2,
,09:41:29,9014,9007,9009,8451,1,
,09:41:30,9014,9007,9009,8451,1,
,09:41:30,9014,9007,9010,8452,1,
,09:41:31,9014,9007,9010,8452,1,
,09:41:31,9014,9007,9010,8453,1,
,09:41:32,9014,9007,9010,8455,2,
,09:41:32,9014,9007,9009,8456,1,
,09:41:33,9014,9007,9009,8457,1,
,09:41:33,9014,9007,9009,8457,1,
,09:41:34,9014,9007,9009,8465,8,
,09:41:35,9014,9007,9009,8465,8,
,09:41:36,9014,9007,9009,8465,8,
,09:41:37,9014,9007,9009,8465,8,
,09:41:37,9014,9007,9009,8465,8,
,09:41:38,9014,9007,9009,8465,8,
,09:41:38,9014,9007,9008,8481,16,
,09:41:39,9014,9007,9008,8481,16,
,09:41:39,9014,9007,9008,8481,16,
,09:41:40,9014,9007,9010,8482,1,
,09:41:41,9014,9007,9010,8482,1,
,09:41:41,9014,9007,9010,8484,2,
,09:41:42,9014,9007,9010,8484,2,
,09:41:42,9014,9007,9011,8485,1,
,09:41:43,9014,9007,9011,8485,1,
,09:41:43,9014,9007,9011,8485,1,
,09:41:44,9014,9007,9011,8485,1,
,09:41:45,9014,9007,9011,8485,1,
,09:41:46,9014,9007,9011,8485,1,
,09:41:47,9014,9007,9011,8488,3,
,09:41:47,9014,9007,9010,8493,5,
,09:41:48,9014,9007,9010,8494,1,
,09:41:48,9014,9007,9010,8495,1,
,09:41:49,9014,9007,9011,8496,1,
,09:41:50,9014,9007,9011,8496,1,
,09:41:50,9014,9007,9010,8497,1,
,09:41:51,9014,9007,9010,8497,1,
,09:41:52,9014,9007,9010,8497,1,
,09:41:52,9014,9007,9011,8500,3,
,09:41:53,9014,9007,9011,8501,1,
,09:41:53,9014,9007,9011,8503,2,
,09:41:54,9014,9007,9011,8503,2,
,09:41:54,9014,9007,9011,8504,1,
,09:41:55,9014,9007,9011,8504,1,
,09:41:55,9014,9007,9012,8508,4,
,09:41:56,9014,9007,9012,8508,4,
,09:41:56,9014,9007,9014,8520,12,
,09:41:57,9014,9007,9014,8523,3,
,09:41:57,9015,9007,9015,8527,4,
,09:41:58,9015,9007,9014,8529,2,
,09:41:59,9015,9007,9012,8534,5,
,09:42:00,9012,9012,9012,8534,5,
,09:42:00,9013,9012,9013,8536,2,
,09:42:01,9013,9012,9013,8536,2,
,09:42:01,9013,9012,9012,8541,5,
,09:42:02,9013,9011,9011,8542,1,
,09:42:02,9013,9011,9011,8548,6,
,09:42:03,9013,9011,9011,8548,6,
,09:42:04,9013,9011,9012,8576,28,
,09:42:05,9013,9011,9013,8586,10,
,09:42:06,9013,9011,9013,8590,4,
,09:42:07,9013,9011,9013,8590,4,
,09:42:08,9013,9011,9013,8590,4,
,09:42:09,9013,9011,9013,8590,4,
,09:42:09,9013,9011,9013,8590,4,
,09:42:10,9013,9011,9013,8590,4,
,09:42:11,9015,9011,9015,8594,4,
,09:42:12,9016,9011,9016,8597,3,
,09:42:12,9016,9011,9016,8599,2,
,09:42:13,9016,9011,9016,8600,1,
,09:42:13,9017,9011,9016,8607,7,
,09:42:14,9017,9011,9016,8611,4,
,09:42:15,9017,9011,9016,8611,4,
,09:42:16,9017,9011,9015,8613,2,
,09:42:17,9017,9011,9015,8613,2,
,09:42:17,9017,9011,9014,8629,16,
,09:42:18,9017,9011,9014,8629,16,
,09:42:18,9017,9011,9014,8630,1,
,09:42:19,9017,9011,9016,8635,5,
,09:42:20,9017,9011,9017,8636,1,
,09:42:21,9018,9011,9018,8653,17,
,09:42:21,9019,9011,9019,8669,16,
,09:42:22,9019,9011,9018,8671,2,
,09:42:23,9019,9011,9018,8671,2,
,09:42:23,9019,9011,9016,8687,16,
,09:42:24,9019,9011,9016,8688,1,
,09:42:24,9019,9011,9016,8690,2,
,09:42:25,9019,9011,9016,8690,2,
,09:42:25,9019,9011,9015,8694,4,
,09:42:26,9019,9011,9015,8694,4,
,09:42:27,9019,9011,9016,8697,3,
,09:42:30,9019,9011,9016,8698,1,
,09:42:31,9019,9011,9016,8698,1,
,09:42:31,9019,9011,9015,8700,2,
,09:42:33,9019,9011,9015,8700,2,
,09:42:34,9019,9011,9015,8702,2,
,09:42:35,9019,9011,9014,8709,7,
,09:42:36,9019,9011,9014,8709,7,
,09:42:37,9019,9011,9015,8711,2,
,09:42:38,9019,9011,9015,8712,1,
,09:42:38,9019,9011,9014,8713,1,
,09:42:39,9019,9011,9014,8715,2,
,09:42:40,9019,9011,9014,8715,2,
,09:42:41,9019,9011,9014,8720,5,
,09:42:41,9019,9011,9013,8730,10,
,09:42:42,9019,9011,9013,8730,10,
,09:42:43,9019,9011,9013,8735,5,
,09:42:44,9019,9011,9013,8735,5,
,09:42:44,9019,9011,9013,8740,5,
,09:42:45,9019,9011,9013,8740,5,
,09:42:45,9019,9011,9012,8741,1,
,09:42:46,9019,9011,9012,8742,1,
,09:42:46,9019,9011,9013,8745,3,
,09:42:47,9019,9011,9013,8751,6,
,09:42:48,9019,9011,9013,8751,6,
,09:42:49,9019,9011,9011,8777,26,
,09:42:50,9019,9011,9011,8777,26,
,09:42:50,9019,9009,9010,8847,70,
,09:42:50,9019,9009,9009,8850,3,
,09:42:51,9019,9009,9009,8850,3,
,09:42:51,9019,9009,9009,8852,2,
,09:42:52,9019,9009,9010,8853,1,
,09:42:52,9019,9009,9009,8855,2,
,09:42:53,9019,9009,9010,8856,1,
,09:42:53,9019,9009,9010,8857,1,
,09:42:54,9019,9009,9011,8860,3,
,09:42:54,9019,9009,9012,8871,11,
,09:42:55,9019,9009,9012,8871,11,
,09:42:56,9019,9009,9013,8881,10,
,09:42:57,9019,9009,9013,8881,10,
,09:42:58,9019,9009,9013,8881,10,
,09:43:00,9013,9013,9013,8884,3,
,09:43:00,9013,9013,9013,8885,1,
,09:43:01,9013,9013,9013,8886,1,
,09:43:01,9013,9012,9012,8889,3,
,09:43:02,9013,9012,9012,8891,2,
,09:43:03,9013,9012,9012,8893,2,
,09:43:04,9013,9012,9013,8897,4,
,09:43:04,9013,9012,9012,8904,7,
,09:43:05,9013,9012,9012,8904,7,
,09:43:06,9013,9012,9012,8905,1,
,09:43:06,9013,9011,9011,8909,4,
,09:43:07,9013,9011,9011,8912,3,
,09:43:08,9013,9011,9011,8914,2,
,09:43:09,9013,9011,9011,8914,2,
,09:43:09,9013,9011,9011,8915,1,
,09:43:10,9013,9011,9011,8915,1,
,09:43:10,9013,9011,9011,8915,1,
,09:43:12,9013,9011,9011,8915,1,
,09:43:12,9013,9011,9012,8917,2,
,09:43:13,9013,9011,9012,8917,2,
,09:43:13,9013,9011,9013,8918,1,
,09:43:14,9013,9011,9013,8918,1,
,09:43:14,9013,9011,9013,8918,1,
,09:43:16,9013,9011,9013,8918,1,
,09:43:16,9015,9011,9015,8923,5,
,09:43:17,9015,9011,9015,8923,5,
,09:43:18,9015,9011,9015,8924,1,
,09:43:19,9015,9011,9014,8925,1,
,09:43:19,9015,9011,9015,8928,3,
,09:43:21,9015,9011,9015,8928,3,
,09:43:22,9015,9011,9015,8929,1,
,09:43:23,9015,9011,9015,8930,1,
,09:43:24,9015,9011,9015,8930,1,
,09:43:25,9015,9011,9014,8934,4,
,09:43:26,9015,9011,9014,8934,4,
,09:43:27,9015,9011,9014,8934,4,
,09:43:27,9015,9011,9014,8934,4,
,09:43:28,9015,9011,9014,8936,2,
,09:43:28,9015,9011,9014,8937,1,
,09:43:29,9015,9011,9014,8937,1,
,09:43:30,9015,9011,9014,8937,1,
,09:43:31,9015,9011,9014,8937,1,
,09:43:32,9015,9011,9015,8939,2,
,09:43:33,9015,9011,9015,8939,2,
,09:43:34,9015,9011,9015,8939,2,
,09:43:34,9015,9011,9015,8939,2,
,09:43:38,9015,9011,9015,8940,1,
,09:43:39,9015,9011,9015,8940,1,
,09:43:39,9015,9011,9013,8949,9,
,09:43:40,9015,9011,9013,8949,9,
,09:43:41,9015,9011,9013,8950,1,
,09:43:41,9015,9011,9014,8951,1,
,09:43:42,9015,9011,9013,8952,1,
,09:43:43,9015,9011,9013,8952,1,
,09:43:43,9015,9010,9011,8967,15,
,09:43:44,9015,9010,9011,8967,15,
,09:43:44,9015,9010,9010,8979,12,
,09:43:45,9015,9009,9009,8980,1,
,09:43:45,9015,9009,9009,8987,7,
,09:43:46,9015,9009,9009,8987,7,
,09:43:46,9015,9009,9011,8997,10,
,09:43:47,9015,9009,9011,8997,10,
,09:43:47,9015,9009,9011,8998,1,
,09:43:48,9015,9009,9011,8998,1,
,09:43:49,9015,9009,9011,8998,1,
,09:43:49,9015,9009,9010,9001,3,
,09:43:52,9015,9009,9010,9001,3,
,09:43:52,9015,9009,9011,9003,2,
,09:43:53,9015,9009,9011,9004,1,
,09:43:54,9015,9009,9012,9013,9,
,09:43:55,9015,9009,9011,9015,2,
,09:43:56,9015,9009,9011,9015,2,
,09:43:57,9015,9009,9011,9018,3,
,09:43:59,9015,9009,9011,9018,3,
,09:44:00,9011,9011,9011,9019,1,
,09:44:00,9011,9011,9011,9020,1,
,09:44:01,9011,9011,9011,9022,2,
,09:44:01,9011,9011,9011,9022,2,
,09:44:02,9011,9011,9011,9022,2,
,09:44:03,9012,9011,9012,9024,2,
,09:44:04,9012,9011,9012,9024,2,
,09:44:04,9012,9011,9011,9027,3,
,09:44:05,9012,9011,9011,9027,3,
,09:44:05,9012,9011,9011,9028,1,
,09:44:06,9012,9011,9011,9028,1,
,09:44:06,9012,9011,9011,9028,1,
,09:44:07,9012,9011,9011,9028,1,
,09:44:07,9012,9011,9012,9029,1,
,09:44:09,9012,9011,9012,9029,1,
,09:44:09,9012,9011,9012,9031,2,
,09:44:10,9012,9011,9012,9033,2,
,09:44:11,9012,9011,9012,9033,2,
,09:44:11,9012,9011,9012,9035,2,
,09:44:12,9012,9011,9011,9036,1,
,09:44:12,9012,9011,9012,9037,1,
,09:44:13,9012,9011,9012,9037,1,
,09:44:13,9014,9011,9014,9041,4,
,09:44:14,9014,9011,9014,9041,4,
,09:44:15,9014,9011,9014,9041,4,
,09:44:16,9014,9011,9013,9042,1,
,09:44:16,9014,9011,9013,9047,5,
,09:44:17,9014,9011,9013,9047,5,
,09:44:18,9014,9011,9013,9047,5,
,09:44:19,9014,9011,9013,9048,1,
,09:44:19,9014,9011,9013,9048,1,
,09:44:20,9014,9011,9013,9048,1,
,09:44:21,9014,9011,9013,9049,1,
,09:44:22,9014,9011,9014,9052,3,
,09:44:23,9014,9011,9014,9052,3,
,09:44:23,9014,9011,9014,9054,2,
,09:44:24,9014,9011,9014,9054,2,
,09:44:25,9014,9011,9014,9054,2,
,09:44:26,9014,9011,9014,9054,2,
,09:44:26,9014,9011,9014,9056,2,
,09:44:28,9014,9011,9014,9059,3,
,09:44:29,9014,9011,9014,9059,3,
,09:44:29,9014,9011,9014,9060,1,
,09:44:30,9014,9011,9014,9061,1,
,09:44:31,9014,9011,9014,9061,1,
,09:44:31,9014,9011,9014,9063,2,
,09:44:32,9014,9011,9013,9067,4,
,09:44:33,9014,9011,9013,9067,4,
,09:44:34,9014,9011,9014,9070,3,
,09:44:34,9014,9011,9014,9073,3,
,09:44:35,9014,9011,9014,9073,3,
,09:44:36,9014,9011,9014,9073,3,
,09:44:36,9014,9011,9014,9075,2,
,09:44:37,9014,9011,9014,9075,2,
,09:44:37,9019,9011,9019,9202,127,
,09:44:38,9020,9011,9020,9244,42,
,09:44:39,9021,9011,9021,9252,8,
,09:44:40,9021,9011,9021,9255,3,
,09:44:40,9021,9011,9019,9262,7,
,09:44:41,9021,9011,9019,9262,7,
,09:44:41,9021,9011,9018,9263,1,
,09:44:42,9021,9011,9018,9268,5,
,09:44:42,9021,9011,9017,9271,3,
,09:44:43,9021,9011,9016,9273,2,
,09:44:43,9021,9011,9016,9275,2,
,09:44:44,9021,9011,9016,9275,2,
,09:44:45,9021,9011,9016,9276,1,
,09:44:46,9021,9011,9016,9277,1,
,09:44:47,9021,9011,9015,9297,20,
,09:44:48,9021,9011,9015,9297,20,
,09:44:49,9021,9011,9016,9298,1,
,09:44:49,9021,9011,9017,9301,3,
,09:44:50,9021,9011,9017,9302,1,
,09:44:51,9021,9011,9017,9304,2,
,09:44:52,9021,9011,9016,9305,1,
,09:44:53,9021,9011,9016,9305,1,
,09:44:53,9021,9011,9016,9305,1,
,09:44:54,9021,9011,9016,9305,1,
,09:44:55,9021,9011,9016,9305,1,
,09:44:55,9021,9011,9016,9306,1,
,09:44:56,9021,9011,9015,9307,1,
,09:44:56,9021,9011,9015,9307,1,
,09:44:58,9021,9011,9017,9313,6,
,09:44:59,9021,9011,9017,9313,6,
,09:44:59,9021,9011,9018,9314,1,
,09:45:00,9018,9018,9018,9314,1,
,09:45:00,9018,9018,9018,9315,1,
,09:45:01,9018,9017,9017,9323,8,
,09:45:01,9018,9016,9016,9332,9,
,09:45:02,9018,9016,9016,9332,9,
,09:45:03,9018,9016,9016,9338,6,
,09:45:03,9018,9016,9016,9339,1,
,09:45:04,9018,9016,9016,9339,1,
,09:45:04,9018,9015,9015,9341,2,
,09:45:05,9018,9015,9015,9341,2,
,09:45:06,9018,9015,9016,9344,3,
,09:45:07,9018,9015,9016,9344,3,
,09:45:07,9018,9015,9016,9346,2,
,09:45:08,9018,9015,9016,9346,2,
,09:45:09,9018,9015,9016,9346,2,
,09:45:09,9018,9015,9015,9353,7,
,09:45:10,9018,9015,9015,9353,7,
,09:45:10,9018,9014,9014,9361,8,
,09:45:11,9018,9014,9015,9362,1,
,09:45:12,9018,9014,9015,9362,1,
,09:45:12,9018,9014,9014,9363,1,
,09:45:13,9018,9014,9014,9364,1,
,09:45:13,9018,9013,9013,9372,8,
,09:45:14,9018,9011,9011,9377,5,
,09:45:15,9018,9011,9011,9377,5,
,09:45:15,9018,9011,9011,9409,32,
,09:45:16,9018,9011,9011,9409,32,
,09:45:16,9018,9011,9011,9411,2,
,09:45:18,9018,9009,9010,9488,77,
,09:45:19,9018,9009,9010,9488,77,
,09:45:19,9018,9009,9010,9493,5,
,09:45:20,9018,9009,9010,9493,5,
,09:45:20,9018,9009,9010,9495,2,
,09:45:21,9018,9009,9011,9497,2,
,09:45:22,9018,9009,9011,9497,2,
,09:45:22,9018,9009,9011,9501,4,
,09:45:24,9018,9009,9010,9504,3,
,09:45:25,9018,9009,9010,9504,3,
,09:45:25,9018,9009,9011,9506,2,
,09:45:26,9018,9009,9010,9508,2,
,09:45:27,9018,9009,9010,9508,2,
,09:45:28,9018,9009,9010,9508,2,
,09:45:28,9018,9009,9010,9508,2,
,09:45:29,9018,9009,9010,9508,2,
,09:45:29,9018,9009,9010,9510,2,
,09:45:30,9018,9009,9010,9512,2,
,09:45:30,9018,9009,9011,9543,31,
,09:45:31,9018,9009,9011,9543,31,
,09:45:31,9018,9009,9010,9545,2,
,09:45:32,9018,9009,9010,9545,2,
,09:45:33,9018,9009,9010,9545,2,
,09:45:33,9018,9007,9008,9607,62,
,09:45:34,9018,9007,9008,9607,62,
,09:45:34,9018,9007,9008,9609,2,
,09:45:35,9018,9007,9008,9609,2,
,09:45:36,9018,9007,9008,9610,1,
,09:45:36,9018,9007,9009,9622,12,
,09:45:37,9018,9007,9009,9625,3,
,09:45:38,9018,9007,9009,9625,3,
,09:45:38,9018,9007,9010,9628,3,
,09:45:39,9018,9007,9010,9628,3,
,09:45:40,9018,9007,9010,9628,3,
,09:45:40,9018,9007,9011,9636,8,
,09:45:41,9018,9007,9011,9636,8,
,09:45:42,9018,9007,9011,9637,1,
,09:45:42,9018,9007,9010,9638,1,
,09:45:43,9018,9007,9010,9638,1,
,09:45:44,9018,9007,9010,9638,1,
,09:45:44,9018,9007,9011,9643,5,
,09:45:45,9018,9007,9011,9643,5,
,09:45:46,9018,9007,9011,9643,5,
,09:45:47,9018,9007,9012,9644,1,
,09:45:47,9018,9007,9012,9649,5,
,09:45:48,9018,9007,9012,9649,5,
,09:45:49,9018,9007,9012,9649,5,
,09:45:50,9018,9007,9012,9649,5,
,09:45:51,9018,9007,9012,9649,5,
,09:45:51,9018,9007,9012,9649,5,
,09:45:52,9018,9007,9012,9649,5,
,09:45:54,9018,9007,9012,9649,5,
,09:45:54,9018,9007,9012,9655,6,
,09:45:55,9018,9007,9012,9655,6,
,09:45:56,9018,9007,9011,9656,1,
,09:45:56,9018,9007,9012,9659,3,
,09:45:57,9018,9007,9012,9659,3,
,09:45:57,9018,9007,9011,9663,4,
,09:45:58,9018,9007,9011,9663,4,
,09:45:58,9018,9007,9011,9667,4,
,09:46:00,9011,9011,9011,9667,4,
,09:46:01,9012,9011,9012,9668,1,
,09:46:02,9012,9010,9011,9692,24,
,09:46:04,9012,9010,9011,9692,24,
,09:46:04,9012,9010,9011,9693,1,
,09:46:05,9012,9010,9011,9693,1,
,09:46:05,9012,9010,9011,9693,1,
,09:46:06,9012,9010,9011,9693,1,
,09:46:07,9012,9010,9011,9693,1,
,09:46:08,9012,9010,9011,9693,1,
,09:46:10,9012,9010,9011,9693,1,
,09:46:10,9012,9010,9011,9693,1,
,09:46:12,9012,9010,9011,9693,1,
,09:46:12,9012,9010,9012,9697,4,
,09:46:13,9012,9010,9012,9697,4,
,09:46:13,9013,9010,9013,9710,13,
,09:46:14,9013,9010,9013,9711,1,
,09:46:14,9013,9010,9013,9711,1,
,09:46:15,9014,9010,9014,9714,3,
,09:46:19,9014,9010,9014,9714,3,
,09:46:20,9014,9010,9014,9714,3,
,09:46:21,9014,9010,9014,9715,1,
,09:46:21,9014,9010,9014,9720,5,
,09:46:22,9014,9010,9014,9720,5,
,09:46:22,9014,9010,9014,9721,1,
,09:46:24,9014,9010,9014,9721,1,
,09:46:25,9014,9010,9014,9721,1,
,09:46:26,9014,9010,9014,9721,1,
,09:46:26,9017,9010,9017,9741,20,
,09:46:27,9017,9010,9017,9748,7,
,09:46:28,9017,9010,9015,9752,4,
,09:46:29,9017,9010,9014,9760,8,
,09:46:30,9017,9010,9015,9762,2,
,09:46:30,9017,9010,9015,9762,2,
,09:46:33,9017,9010,9014,9763,1,
,09:46:33,9017,9010,9014,9765,2,
,09:46:34,9017,9010,9012,9772,7,
,09:46:35,9017,9010,9012,9774,2,
,09:46:35,9017,9010,9012,9775,1,
,09:46:36,9017,9010,9010,9795,20,
,09:46:37,9017,9010,9010,9795,20,
,09:46:38,9017,9010,9010,9795,20,
,09:46:38,9017,9009,9009,9799,4,
,09:46:39,9017,9009,9009,9810,11,
,09:46:40,9017,9009,9009,9810,11,
,09:46:41,9017,9009,9010,9811,1,
,09:46:41,9017,9009,9011,9816,5,
,09:46:42,9017,9009,9012,9818,2,
,09:46:42,9017,9009,9013,9840,22,
,09:46:43,9017,9009,9013,9840,22,
,09:46:44,9017,9009,9013,9840,22,
,09:46:44,9017,9009,9013,9840,22,
,09:46:46,9017,9009,9011,9842,2,
,09:46:46,9017,9009,9012,9843,1,
,09:46:47,9017,9009,9012,9843,1,
,09:46:47,9017,9009,9011,9844,1,
,09:46:48,9017,9009,9012,9845,1,
,09:46:48,9017,9009,9012,9845,1,
,09:46:49,9017,9009,9012,9845,1,
,09:46:49,9017,9009,9012,9849,4,
,09:46:50,9017,9009,9011,9858,9,
,09:46:51,9017,9009,9011,9858,9,
,09:46:52,9017,9009,9011,9858,9,
,09:46:52,9017,9009,9013,9864,6,
,09:46:53,9017,9009,9013,9864,6,
,09:46:53,9017,9009,9014,9870,6,
,09:46:54,9017,9009,9014,9870,6,
,09:46:54,9017,9009,9015,9890,20,
,09:46:55,9017,9009,9014,9898,8,
,09:46:56,9017,9009,9014,9898,8,
,09:46:57,9017,9009,9011,9903,5,
,09:46:58,9017,9009,9011,9904,1,
,09:46:58,9017,9009,9010,9907,3,
,09:46:59,9017,9009,9010,9913,6,
,09:47:00,9010,9010,9010,9913,6,
,09:47:00,9010,9010,9010,9913,6,
,09:47:01,9010,9008,9008,9940,27,
,09:47:03,9011,9008,9011,9950,10,
,09:47:04,9011,9008,9011,9954,4,
,09:47:05,9011,9008,9011,9955,1,
,09:47:05,9011,9008,9011,9955,1,
,09:47:06,9011,9008,9011,9955,1,
,09:47:07,9011,9008,9011,9955,1,
,09:47:08,9011,9008,9011,9955,1,
,09:47:08,9012,9008,9012,9958,3,
,09:47:09,9012,9008,9012,9958,3,
,09:47:09,9014,9008,9014,9965,7,
,09:47:10,9014,9008,9014,9965,7,
,09:47:10,9014,9008,9014,9965,7,
,09:47:11,9014,9008,9013,9972,7,
,09:47:14,9014,9008,9013,9972,7,
,09:47:15,9014,9008,9013,9972,7,
,09:47:15,9014,9008,9012,9978,6,
,09:47:16,9014,9008,9012,9978,6,
,09:47:16,9014,9008,9012,9978,6,
,09:47:17,9014,9008,9012,9978,6,
,09:47:18,9014,9008,9012,9978,6,
,09:47:19,9015,9008,9015,9997,19,
,09:47:21,9015,9008,9015,9997,19,
,09:47:23,9015,9008,9015,9997,19,
,09:47:24,9016,9008,9016,10011,14,
,09:47:25,9016,9008,9016,10011,14,
,09:47:25,9017,9008,9017,10014,3,
,09:47:27,9017,9008,9017,10016,2,
,09:47:28,9017,9008,9017,10016,2,
,09:47:28,9017,9008,9016,10019,3,
,09:47:29,9017,9008,9016,10019,3,
,09:47:29,9017,9008,9016,10021,2,
,09:47:30,9017,9008,9016,10021,2,
,09:47:30,9017,9008,9014,10024,3,
,09:47:31,9017,9008,9015,10025,1,
,09:47:32,9017,9008,9015,10025,1,
,09:47:32,9017,9008,9013,10032,7,
,09:47:33,9017,9008,9014,10035,3,
,09:47:34,9017,9008,9013,10038,3,
,09:47:35,9017,9008,9013,10039,1,
,09:47:36,9017,9008,9013,10049,10,
,09:47:36,9017,9008,9013,10050,1,
,09:47:37,9017,9008,9013,10050,1,
,09:47:37,9017,9008,9014,10053,3,
,09:47:38,9017,9008,9013,10054,1,
,09:47:38,9017,9008,9013,10055,1,
,09:47:39,9017,9008,9013,10055,1,
,09:47:40,9017,9008,9013,10055,1,
,09:47:41,9017,9008,9015,10057,2,
,09:47:41,9017,9008,9014,10064,7,
,09:47:43,9017,9008,9015,10065,1,
,09:47:44,9017,9008,9015,10065,1,
,09:47:44,9017,9008,9014,10067,2,
,09:47:46,9017,9008,9014,10067,2,
,09:47:47,9017,9008,9014,10067,2,
,09:47:47,9017,9008,9014,10067,2,
,09:47:48,9017,9008,9014,10067,2,
,09:47:50,9017,9008,9015,10072,5,
,09:47:50,9017,9008,9016,10073,1,
,09:47:51,9017,9008,9016,10073,1,
,09:47:52,9017,9008,9016,10073,1,
,09:47:53,9017,9008,9016,10075,2,
,09:47:54,9017,9008,9016,10075,2,
,09:47:55,9017,9008,9015,10078,3,
,09:47:56,9017,9008,9015,10078,3,
,09:47:58,9017,9008,9015,10078,3,
,09:47:58,9017,9008,9015,10078,3,
,09:48:00,9014,9014,9014,10079,1,
,09:48:00,9014,9014,9014,10087,8,
,09:48:01,9015,9014,9015,10094,7,
,09:48:02,9015,9014,9014,10095,1,
,09:48:03,9015,9014,9014,10095,1,
,09:48:03,9015,9014,9015,10105,10,
,09:48:04,9015,9014,9015,10105,10,
,09:48:04,9016,9014,9016,10107,2,
,09:48:05,9016,9014,9016,10107,2,
,09:48:06,9016,9014,9016,10107,2,
,09:48:07,9016,9014,9015,10126,19,
,09:48:08,9016,9014,9015,10128,2,
,09:48:09,9016,9014,9015,10128,2,
,09:48:10,9016,9014,9015,10128,2,
,09:48:10,9016,9014,9014,10132,4,
,09:48:14,9016,9014,9014,10133,1,
,09:48:15,9016,9012,9013,10148,15,
,09:48:16,9016,9012,9014,10149,1,
,09:48:16,9016,9012,9014,10150,1,
,09:48:17,9016,9012,9014,10150,1,
,09:48:18,9016,9012,9014,10150,1,
,09:48:18,9016,9012,9015,10152,2,
,09:48:19,9016,9012,9015,10152,2,
,09:48:20,9016,9012,9015,10152,2,
,09:48:20,9016,9012,9015,10154,2,
,09:48:21,9016,9012,9015,10154,2,
,09:48:21,9016,9012,9015,10155,1,
,09:48:22,9016,9012,9016,10158,3,
,09:48:23,9017,9012,9017,10173,15,
,09:48:24,9017,9012,9017,10173,15,
,09:48:24,9018,9012,9018,10176,3,
,09:48:26,9018,9012,9018,10176,3,
,09:48:27,9018,9012,9017,10179,3,
,09:48:28,9018,9012,9017,10179,3,
,09:48:28,9018,9012,9016,10192,13,
,09:48:29,9018,9012,9016,10192,13,
,09:48:30,9018,9012,9015,10193,1,
,09:48:31,9018,9012,9015,10193,1,
,09:48:32,9018,9012,9017,10194,1,
,09:48:32,9018,9012,9017,10194,1,
,09:48:33,9018,9012,9017,10194,1,
,09:48:34,9018,9012,9018,10203,9,
,09:48:34,9020,9012,9020,10255,52,
,09:48:35,9024,9012,9024,10300,45,
,09:48:36,9024,9012,9024,10301,1,
,09:48:36,9024,9012,9024,10302,1,
,09:48:37,9024,9012,9022,10312,10,
,09:48:38,9024,9012,9022,10313,1,
,09:48:38,9024,9012,9022,10315,2,
,09:48:39,9024,9012,9022,10316,1,
,09:48:39,9024,9012,9022,10318,2,
,09:48:40,9024,9012,9022,10318,2,
,09:48:40,9024,9012,9021,10319,1,
,09:48:41,9024,9012,9022,10327,8,
,09:48:42,9024,9012,9022,10331,4,
,09:48:43,9024,9012,9022,10334,3,
,09:48:44,9024,9012,9022,10334,3,
,09:48:45,9024,9012,9023,10336,2,
,09:48:45,9024,9012,9023,10338,2,
,09:48:46,9024,9012,9023,10338,2,
,09:48:46,9024,9012,9023,10338,2,
,09:48:47,9024,9012,9023,10338,2,
,09:48:48,9024,9012,9023,10338,2,
,09:48:49,9024,9012,9021,10339,1,
,09:48:49,9024,9012,9022,10342,3,
,09:48:50,9024,9012,9022,10344,2,
,09:48:52,9024,9012,9022,10344,2,
,09:48:52,9024,9012,9022,10344,2,
,09:48:53,9024,9012,9021,10346,2,
,09:48:54,9024,9012,9021,10346,2,
,09:48:55,9024,9012,9021,10346,2,
,09:48:56,9024,9012,9021,10347,1,
,09:48:57,9024,9012,9022,10353,6,
,09:48:58,9024,9012,9022,10354,1,
,09:48:58,9024,9012,9022,10359,5,
,09:48:59,9024,9012,9021,10366,7,
,09:48:59,9024,9012,9020,10396,30,
,09:49:00,9020,9020,9020,10396,30,
,09:49:00,9021,9020,9021,10430,34,
,09:49:01,9021,9020,9021,10430,34,
,09:49:02,9021,9020,9021,10437,7,
,09:49:03,9021,9020,9021,10437,7,
,09:49:03,9021,9020,9020,10441,4,
,09:49:04,9021,9020,9020,10441,4,
,09:49:04,9021,9020,9020,10449,8,
,09:49:05,9022,9020,9022,10507,58,
,09:49:06,9022,9020,9022,10507,58,
,09:49:07,9022,9020,9022,10507,58,
,09:49:08,9022,9020,9021,10512,5,
,09:49:09,9022,9019,9019,10520,8,
,09:49:10,9022,9018,9018,10544,24,
,09:49:11,9022,9017,9018,10570,26,
,09:49:12,9022,9017,9018,10570,26,
,09:49:12,9022,9017,9017,10572,2,
,09:49:13,9022,9016,9016,10573,1,
,09:49:14,9022,9016,9016,10573,1,
,09:49:14,9022,9016,9016,10575,2,
,09:49:15,9022,9016,9017,10578,3,
,09:49:16,9022,9016,9017,10580,2,
,09:49:17,9022,9016,9017,10580,2,
,09:49:17,9022,9016,9017,10587,7,
,09:49:18,9022,9016,9017,10587,7,
,09:49:18,9022,9016,9018,10589,2,
,09:49:19,9022,9016,9018,10589,2,
,09:49:19,9022,9016,9017,10590,1,
,09:49:20,9022,9016,9017,10590,1,
,09:49:20,9022,9016,9016,10594,4,
,09:49:21,9022,9016,9016,10594,4,
,09:49:22,9022,9016,9016,10594,4,
,09:49:22,9022,9016,9017,10595,1,
,09:49:23,9022,9016,9018,10602,7,
,09:49:24,9022,9016,9018,10603,1,
,09:49:25,9022,9016,9017,10616,13,
,09:49:27,9022,9016,9018,10630,14,
,09:49:28,9022,9016,9018,10630,14,
,09:49:30,9022,9016,9018,10630,14,
,09:49:30,9022,9016,9017,10632,2,
,09:49:31,9022,9016,9017,10632,2,
,09:49:31,9022,9016,9017,10647,15,
,09:49:33,9022,9016,9017,10647,15,
,09:49:34,9022,9016,9017,10648,1,
,09:49:36,9022,9016,9017,10648,1,
,09:49:37,9022,9016,9017,10649,1,
,09:49:38,9022,9016,9017,10649,1,
,09:49:39,9022,9016,9017,10650,1,
,09:49:39,9022,9016,9016,10652,2,
,09:49:40,9022,9016,9016,10652,2,
,09:49:40,9022,9016,9016,10655,3,
,09:49:41,9022,9016,9016,10655,3,
,09:49:41,9022,9016,9017,10656,1,
,09:49:42,9022,9016,9017,10656,1,
,09:49:43,9022,9016,9018,10657,1,
,09:49:44,9022,9016,9018,10657,1,
,09:49:44,9022,9016,9021,10699,42,
,09:49:45,9022,9016,9020,10700,1,
,09:49:45,9022,9016,9019,10701,1,
,09:49:46,9022,9016,9019,10701,1,
,09:49:46,9022,9016,9016,10722,21,
,09:49:47,9022,9016,9016,10722,21,
,09:49:47,9022,9016,9019,10725,3,
,09:49:48,9022,9016,9019,10725,3,
,09:49:49,9022,9016,9019,10732,7,
,09:49:50,9022,9016,9019,10732,7,
,09:49:52,9022,9016,9019,10732,7,
,09:49:53,9022,9016,9019,10732,7,
,09:49:54,9022,9016,9019,10737,5,
,09:49:55,9022,9016,9019,10737,5,
,09:49:56,9022,9016,9019,10737,5,
,09:49:56,9022,9016,9018,10738,1,
,09:49:57,9022,9016,9018,10738,1,
,09:49:57,9022,9016,9018,10742,4,
,09:49:58,9022,9016,9018,10742,4,
,09:49:58,9022,9016,9017,10746,4,
,09:49:59,9022,9016,9016,10748,2,
,09:49:59,9022,9016,9017,10750,2,
,09:50:00,9017,9017,9017,10750,2,
,09:50:00,9017,9016,9016,10754,4,
,09:50:01,9017,9016,9016,10755,1,
,09:50:02,9017,9016,9016,10757,2,
,09:50:03,9017,9016,9016,10757,2,
,09:50:03,9017,9016,9016,10758,1,
,09:50:04,9017,9016,9016,10773,15,
,09:50:05,9017,9015,9016,10782,9,
,09:50:06,9017,9011,9011,10823,41,
,09:50:07,9017,9011,9011,10824,1,
,09:50:07,9017,9011,9011,10829,5,
,09:50:08,9017,9011,9011,10829,5,
,09:50:09,9017,9011,9012,10834,5,
,09:50:10,9017,9011,9012,10834,5,
,09:50:10,9017,9011,9011,10837,3,
,09:50:11,9017,9011,9011,10838,1,
,09:50:11,9017,9011,9012,10839,1,
,09:50:12,9017,9011,9011,10841,2,
,09:50:13,9017,9011,9011,10843,2,
,09:50:14,9017,9011,9011,10843,2,
,09:50:14,9017,9011,9011,10844,1,
,09:50:15,9017,9011,9012,10846,2,
,09:50:16,9017,9011,9012,10847,1,
,09:50:16,9017,9010,9011,10859,12,
,09:50:17,9017,9010,9013,10865,6,
,09:50:18,9017,9010,9012,10866,1,
,09:50:18,9017,9010,9011,10869,3,
,09:50:19,9017,9010,9011,10869,3,
,09:50:20,9017,9010,9011,10869,3,
,09:50:20,9017,9010,9012,10882,13,
,09:50:21,9017,9010,9012,10882,13,
,09:50:22,9017,9010,9012,10882,13,
,09:50:23,9017,9010,9012,10882,13,
,09:50:23,9017,9010,9014,10888,6,
,09:50:26,9017,9010,9013,10894,6,
,09:50:27,9017,9010,9013,10894,6,
,09:50:27,9017,9010,9012,10895,1,
,09:50:28,9017,9010,9011,10896,1,
,09:50:28,9017,9010,9011,10899,3,
,09:50:29,9017,9010,9011,10899,3,
,09:50:30,9017,9010,9010,10902,3,
,09:50:31,9017,9010,9010,10902,3,
,09:50:32,9017,9010,9010,10902,3,
,09:50:33,9017,9010,9010,10902,3,
,09:50:33,9017,9010,9010,10906,4,
,09:50:34,9017,9010,9010,10907,1,
,09:50:34,9017,9010,9010,10907,1,
,09:50:35,9017,9010,9010,10907,1,
,09:50:36,9017,9010,9011,10910,3,
,09:50:37,9017,9010,9011,10910,3,
,09:50:37,9017,9010,9011,10912,2,
,09:50:38,9017,9010,9011,10915,3,
,09:50:38,9017,9010,9013,10918,3,
,09:50:39,9017,9010,9014,10921,3,
,09:50:40,9017,9010,9012,10922,1,
,09:50:41,9017,9010,9012,10922,1,
,09:50:41,9017,9010,9012,10923,1,
,09:50:42,9017,9010,9012,10923,1,
,09:50:43,9017,9010,9012,10923,1,
,09:50:43,9017,9010,9012,10924,1,
,09:50:44,9017,9010,9011,10925,1,
,09:50:44,9017,9010,9010,10936,11,
,09:50:46,9017,9010,9011,10937,1,
,09:50:47,9017,9010,9014,10957,20,
,09:50:48,9017,9010,9014,10957,20,
,09:50:48,9017,9010,9015,10959,2,
,09:50:49,9017,9010,9015,10959,2,
,09:50:50,9017,9010,9015,10959,2,
,09:50:51,9017,9010,9013,10960,1,
,09:50:52,9017,9010,9013,10960,1,
,09:50:54,9017,9010,9013,10960,1,
,09:50:55,9017,9010,9013,10960,1,
,09:50:56,9017,9010,9013,10965,5,
,09:50:57,9017,9010,9013,10965,5,
,09:50:58,9017,9010,9013,10965,5,
,09:50:58,9017,9010,9015,10969,4,
,09:51:00,9015,9015,9015,10969,4,
,09:51:01,9015,9015,9015,10969,4,
,09:51:01,9015,9013,9013,10972,3,
,09:51:02,9015,9013,9013,10972,3,
,09:51:03,9015,9013,9013,10973,1,
,09:51:03,9015,9013,9015,10974,1,
,09:51:04,9015,9013,9013,10981,7,
,09:51:05,9015,9013,9013,10981,7,
,09:51:07,9015,9013,9013,10984,3,
,09:51:08,9015,9013,9013,10984,3,
,09:51:09,9015,9013,9013,10984,3,
,09:51:10,9015,9013,9013,10999,15,
,09:51:11,9015,9013,9013,10999,15,
,09:51:11,9015,9012,9012,11000,1,
,09:51:12,9015,9012,9012,11000,1,
,09:51:13,9015,9012,9012,11000,1,
,09:51:13,9015,9012,9013,11007,7,
,09:51:14,9015,9012,9013,11009,2,
,09:51:14,9015,9012,9013,11021,12,
,09:51:15,9015,9012,9013,11021,12,
,09:51:16,9015,9012,9013,11021,12,
,09:51:16,9015,9012,9013,11021,12,
,09:51:17,9015,9012,9013,11021,12,
,09:51:18,9015,9012,9012,11022,1,
,09:51:18,9015,9012,9012,11024,2,
,09:51:19,9015,9012,9012,11024,2,
,09:51:20,9015,9012,9012,11024,2,
,09:51:20,9015,9012,9012,11024,2,
,09:51:21,9015,9012,9012,11024,2,
,09:51:22,9015,9012,9012,11024,2,
,09:51:23,9015,9012,9013,11027,3,
,09:51:23,9015,9012,9012,11031,4,
,09:51:24,9015,9012,9012,11031,4,
,09:51:24,9015,9012,9012,11031,4,
,09:51:25,9015,9012,9012,11031,4,
,09:51:25,9015,9012,9012,11032,1,
,09:51:26,9015,9012,9012,11032,1,
,09:51:27,9015,9012,9013,11038,6,
,09:51:29,9015,9012,9012,11043,5,
,09:51:30,9015,9012,9012,11043,5,
,09:51:31,9015,9012,9012,11043,5,
,09:51:32,9015,9012,9012,11043,5,
,09:51:32,9015,9011,9011,11047,4,
,09:51:33,9015,9011,9011,11051,4,
,09:51:33,9015,9010,9010,11059,8,
,09:51:35,9015,9010,9010,11059,8,
,09:51:35,9015,9010,9011,11065,6,
,09:51:37,9015,9010,9010,11073,8,
,09:51:37,9015,9009,9009,11082,9,
,09:51:38,9015,9009,9009,11082,9,
,09:51:38,9015,9009,9009,11082,9,
,09:51:39,9015,9009,9009,11082,9,
,09:51:40,9015,9009,9009,11082,9,
,09:51:41,9015,9009,9009,11082,9,
,09:51:41,9015,9009,9011,11099,17,
,09:51:42,9015,9009,9011,11099,17,
,09:51:43,9015,9009,9011,11099,17,
,09:51:43,9015,9009,9010,11102,3,
,09:51:45,9015,9009,9010,11102,3,
,09:51:47,9015,9009,9010,11102,3,
,09:51:48,9015,9009,9011,11105,3,
,09:51:51,9015,9009,9011,11105,3,
,09:51:51,9015,9009,9009,11110,5,
,09:51:52,9015,9009,9009,11110,5,
,09:51:52,9015,9008,9009,11113,3,
,09:51:53,9015,9008,9009,11113,3,
,09:51:53,9015,9008,9009,11129,16,
,09:51:54,9015,9008,9009,11129,16,
,09:51:55,9015,9008,9008,11130,1,
,09:51:55,9015,9008,9008,11131,1,
,09:51:56,9015,9008,9008,11131,1,
,09:51:57,9015,9008,9008,11131,1,
,09:51:57,9015,9008,9008,11131,1,
,09:51:59,9015,9008,9008,11132,1,
,09:52:00,9009,9009,9009,11134,2,
,09:52:00,9009,9009,9009,11139,5,
,09:52:01,9009,9009,9009,11139,5,
,09:52:02,9009,9009,9009,11139,5,
,09:52:02,9010,9009,9010,11140,1,
,09:52:03,9010,9009,9010,11140,1,
,09:52:03,9010,9009,9010,11141,1,
,09:52:05,9010,9009,9010,11141,1,
,09:52:06,9010,9009,9010,11142,1,
,09:52:07,9010,9009,9009,11146,4,
,09:52:08,9010,9009,9010,11159,13,
,09:52:09,9010,9009,9010,11159,13,
,09:52:11,9010,9009,9009,11166,7,
,09:52:11,9010,9007,9007,11183,17,
,09:52:12,9010,9007,9007,11183,17,
,09:52:13,9010,9007,9007,11183,17,
,09:52:14,9010,9007,9007,11183,17,
,09:52:14,9010,9007,9008,11190,7,
,09:52:15,9010,9007,9007,11193,3,
,09:52:15,9010,9007,9008,11196,3,
,09:52:17,9010,9007,9007,11197,1,
,09:52:18,9010,9007,9007,11198,1,
,09:52:18,9010,9007,9007,11198,1,
,09:52:19,9010,9007,9007,11198,1,
,09:52:19,9010,9007,9007,11202,4,
,09:52:20,9010,9007,9007,11204,2,
,09:52:21,9010,9006,9006,11208,4,
