,09:14:00,21665,21665,21665,309,309,
,09:14:00,21665,21665,21665,309,309,
,09:15:00,21665,21665,21665,309,309,
,09:15:00,21670,21654,21662,351,42,
,09:15:01,21670,21650,21663,401,50,
,09:15:02,21670,21650,21663,401,50,
,09:15:02,21670,21650,21670,431,30,
,09:15:03,21670,21650,21669,432,1,
,09:15:03,21670,21650,21668,454,22,
,09:15:04,21670,21650,21668,454,22,
,09:15:04,21670,21650,21663,472,18,
,09:15:05,21670,21650,21668,476,4,
,09:15:06,21670,21650,21664,521,45,
,09:15:07,21670,21650,21666,561,40,
,09:15:08,21670,21650,21667,562,1,
,09:15:08,21670,21650,21663,579,17,
,09:15:09,21670,21650,21663,579,17,
,09:15:09,21670,21650,21666,592,13,
,09:15:10,21670,21650,21664,593,1,
,09:15:10,21670,21650,21662,603,10,
,09:15:11,21670,21650,21661,611,8,
,09:15:12,21670,21650,21661,611,8,
,09:15:12,21670,21650,21663,624,13,
,09:15:13,21670,21650,21664,633,9,
,09:15:14,21670,21650,21655,638,5,
,09:15:15,21670,21650,21654,650,12,
,09:15:16,21670,21650,21652,659,9,
,09:15:17,21670,21650,21652,659,9,
,09:15:17,21670,21650,21654,667,8,
,09:15:18,21670,21650,21653,680,13,
,09:15:19,21670,21650,21658,681,1,
,09:15:19,21670,21650,21656,691,10,
,09:15:20,21670,21650,21659,692,1,
,09:15:20,21670,21650,21663,702,10,
,09:15:21,21670,21650,21659,703,1,
,09:15:21,21670,21650,21659,706,3,
,09:15:22,21670,21650,21657,719,13,
,09:15:23,21670,21650,21657,719,13,
,09:15:23,21670,21650,21656,732,13,
,09:15:24,21670,21650,21653,752,20,
,09:15:25,21670,21650,21653,762,10,
,09:15:26,21670,21650,21651,782,20,
,09:15:27,21670,21648,21650,787,5,
,09:15:28,21670,21648,21656,795,8,
,09:15:29,21670,21648,21656,795,8,
,09:15:29,21670,21648,21656,822,27,
,09:15:30,21670,21648,21659,840,18,
,09:15:31,21670,21648,21659,840,18,
,09:15:31,21670,21648,21656,842,2,
,09:15:32,21670,21648,21657,859,17,
,09:15:33,21670,21648,21658,860,1,
,09:15:33,21670,21648,21659,869,9,
,09:15:34,21670,21648,21659,869,9,
,09:15:34,21670,21648,21660,880,11,
,09:15:35,21670,21648,21660,881,1,
,09:15:35,21670,21648,21654,887,6,
,09:15:36,21670,21648,21654,887,6,
,09:15:36,21670,21648,21651,890,3,
,09:15:37,21670,21648,21650,891,1,
,09:15:37,21670,21648,21648,896,5,
,09:15:38,21670,21645,21647,903,7,
,09:15:39,21670,21645,21647,903,7,
,09:15:39,21670,21645,21647,910,7,
,09:15:40,21670,21645,21646,915,5,
,09:15:40,21670,21643,21644,928,13,
,09:15:41,21670,21642,21642,933,5,
,09:15:42,21670,21642,21643,947,14,
,09:15:43,21670,21641,21647,959,12,
,09:15:44,21670,21641,21647,959,12,
,09:15:44,21670,21641,21652,970,11,
,09:15:45,21670,21641,21651,978,8,
,09:15:46,21670,21641,21650,979,1,
,09:15:46,21670,21641,21654,981,2,
,09:15:47,21670,21641,21654,981,2,
,09:15:47,21670,21641,21658,986,5,
,09:15:48,21670,21641,21658,986,5,
,09:15:48,21670,21641,21660,1000,14,
,09:15:49,21670,21641,21660,1009,9,
,09:15:50,21670,21641,21661,1010,1,
,09:15:50,21670,21641,21663,1012,2,
,09:15:51,21670,21641,21664,1013,1,
,09:15:51,21670,21641,21665,1017,4,
,09:15:52,21670,21641,21663,1018,1,
,09:15:52,21670,21641,21662,1024,6,
,09:15:53,21670,21641,21662,1024,6,
,09:15:53,21670,21641,21666,1025,1,
,09:15:54,21670,21641,21663,1036,11,
,09:15:55,21670,21641,21661,1037,1,
,09:15:55,21670,21641,21660,1040,3,
,09:15:56,21670,21641,21660,1040,3,
,09:15:56,21670,21641,21661,1042,2,
,09:15:57,21670,21641,21662,1047,5,
,09:15:58,21670,21641,21662,1047,5,
,09:15:58,21670,21641,21664,1054,7,
,09:15:59,21670,21641,21661,1058,4,
,09:16:00,21661,21661,21661,1058,4,
,09:16:00,21664,21661,21663,1078,20,
,09:16:01,21664,21661,21661,1082,4,
,09:16:02,21664,21661,21661,1082,4,
,09:16:02,21665,21661,21665,1087,5,
,09:16:03,21667,21661,21667,1097,10,
,09:16:04,21668,21661,21668,1098,1,
,09:16:04,21672,21661,21669,1114,16,
,09:16:05,21676,21661,21674,1128,14,
,09:16:06,21676,21661,21668,1150,22,
,09:16:07,21676,21661,21668,1150,22,
,09:16:07,21676,21661,21666,1162,12,
,09:16:08,21676,21661,21666,1162,12,
,09:16:08,21676,21661,21669,1170,8,
,09:16:09,21676,21661,21669,1170,8,
,09:16:09,21676,21661,21669,1175,5,
,09:16:10,21676,21661,21672,1178,3,
,09:16:10,21676,21661,21676,1186,8,
,09:16:11,21676,21661,21676,1186,8,
,09:16:11,21676,21661,21676,1189,3,
,09:16:12,21676,21661,21675,1196,7,
,09:16:13,21676,21661,21675,1197,1,
,09:16:13,21676,21661,21672,1201,4,
,09:16:14,21676,21661,21673,1202,1,
,09:16:14,21676,21661,21675,1207,5,
,09:16:15,21676,21661,21675,1207,5,
,09:16:15,21676,21661,21672,1211,4,
,09:16:16,21676,21661,21672,1211,4,
,09:16:16,21676,21661,21670,1216,5,
,09:16:17,21676,21661,21669,1222,6,
,09:16:18,21676,21661,21669,1222,6,
,09:16:18,21676,21661,21669,1223,1,
,09:16:19,21676,21661,21666,1231,8,
,09:16:21,21676,21661,21663,1239,8,
,09:16:22,21676,21661,21663,1239,8,
,09:16:22,21676,21661,21666,1248,9,
,09:16:23,21676,21661,21670,1252,4,
,09:16:24,21676,21661,21676,1262,10,
,09:16:25,21677,21661,21676,1272,10,
,09:16:26,21677,21661,21676,1272,10,
,09:16:26,21677,21661,21675,1274,2,
,09:16:27,21677,21661,21677,1277,3,
,09:16:27,21678,21661,21677,1283,6,
,09:16:28,21678,21661,21675,1284,1,
,09:16:28,21678,21661,21678,1287,3,
,09:16:29,21678,21661,21676,1288,1,
,09:16:29,21681,21661,21676,1320,32,
,09:16:30,21681,21661,21680,1322,2,
,09:16:31,21681,21661,21680,1323,1,
,09:16:31,21685,21661,21681,1337,14,
,09:16:32,21685,21661,21685,1349,12,
,09:16:33,21685,21661,21681,1351,2,
,09:16:33,21685,21661,21681,1356,5,
,09:16:34,21685,21661,21677,1368,12,
,09:16:35,21685,21661,21677,1368,12,
,09:16:35,21685,21661,21675,1372,4,
,09:16:36,21685,21661,21674,1375,3,
,09:16:36,21685,21661,21671,1376,1,
,09:16:37,21685,21661,21671,1376,1,
,09:16:37,21685,21661,21670,1381,5,
,09:16:38,21685,21661,21670,1381,5,
,09:16:39,21685,21661,21670,1381,5,
,09:16:39,21685,21661,21679,1382,1,
,09:16:40,21685,21661,21680,1383,1,
,09:16:40,21685,21661,21680,1384,1,
,09:16:41,21685,21661,21680,1385,1,
,09:16:41,21685,21661,21682,1388,3,
,09:16:42,21685,21661,21685,1394,6,
,09:16:43,21685,21661,21685,1394,6,
,09:16:43,21685,21661,21683,1395,1,
,09:16:44,21685,21661,21683,1396,1,
,09:16:44,21686,21661,21684,1405,9,
,09:16:45,21686,21661,21683,1408,3,
,09:16:46,21686,21661,21683,1408,3,
,09:16:46,21686,21661,21682,1417,9,
,09:16:47,21686,21661,21682,1417,9,
,09:16:47,21686,21661,21681,1419,2,
,09:16:48,21686,21661,21680,1420,1,
,09:16:48,21686,21661,21680,1429,9,
,09:16:49,21686,21661,21680,1429,9,
,09:16:49,21686,21661,21678,1430,1,
,09:16:50,21686,21661,21678,1430,1,
,09:16:51,21686,21661,21678,1430,1,
,09:16:51,21686,21661,21680,1431,1,
,09:16:52,21686,21661,21680,1431,1,
,09:16:52,21686,21661,21683,1435,4,
,09:16:53,21686,21661,21683,1435,4,
,09:16:53,21686,21661,21684,1446,11,
,09:16:54,21686,21661,21684,1446,11,
,09:16:54,21687,21661,21687,1448,2,
,09:16:55,21687,21661,21686,1454,6,
,09:16:56,21687,21661,21682,1464,10,
,09:16:57,21687,21661,21682,1464,10,
,09:16:57,21687,21661,21681,1469,5,
,09:16:58,21687,21661,21681,1469,5,
,09:16:58,21687,21661,21678,1471,2,
,09:16:59,21687,21661,21678,1471,2,
,09:16:59,21687,21661,21678,1474,3,
,09:17:00,21677,21677,21677,1475,1,
,09:17:00,21679,21673,21679,1487,12,
,09:17:01,21684,21673,21684,1495,8,
,09:17:02,21685,21673,21685,1496,1,
,09:17:02,21688,21673,21688,1503,7,
,09:17:03,21689,21673,21687,1510,7,
,09:17:04,21689,21673,21687,1510,7,
,09:17:04,21689,21673,21686,1513,3,
,09:17:05,21689,21673,21679,1520,7,
,09:17:06,21689,21673,21679,1520,7,
,09:17:06,21689,21673,21674,1524,4,
,09:17:07,21689,21673,21674,1524,4,
,09:17:07,21689,21673,21676,1525,1,
,09:17:08,21689,21673,21676,1525,1,
,09:17:08,21689,21673,21676,1529,4,
,09:17:09,21689,21673,21674,1530,1,
,09:17:09,21689,21673,21676,1532,2,
,09:17:10,21689,21673,21674,1533,1,
,09:17:10,21689,21673,21676,1534,1,
,09:17:11,21689,21673,21676,1534,1,
,09:17:11,21689,21673,21677,1537,3,
,09:17:12,21689,21673,21680,1549,12,
,09:17:13,21689,21673,21680,1549,12,
,09:17:13,21689,21673,21678,1550,1,
,09:17:14,21689,21673,21678,1550,1,
,09:17:15,21689,21673,21678,1550,1,
,09:17:18,21689,21673,21680,1551,1,
,09:17:19,21689,21673,21678,1553,2,
,09:17:19,21689,21673,21677,1556,3,
,09:17:20,21689,21673,21678,1557,1,
,09:17:20,21689,21673,21673,1616,59,
,09:17:21,21689,21673,21673,1616,59,
,09:17:21,21689,21673,21675,1618,2,
,09:17:22,21689,21673,21675,1618,2,
,09:17:22,21689,21673,21675,1618,2,
,09:17:23,21689,21671,21671,1620,2,
,09:17:24,21689,21671,21671,1620,2,
,09:17:24,21689,21671,21674,1621,1,
,09:17:25,21689,21671,21674,1621,1,
,09:17:25,21689,21671,21671,1625,4,
,09:17:26,21689,21671,21671,1625,4,
,09:17:27,21689,21667,21669,1632,7,
,09:17:28,21689,21667,21667,1633,1,
,09:17:28,21689,21666,21668,1640,7,
,09:17:29,21689,21666,21668,1640,7,
,09:17:29,21689,21666,21667,1642,2,
,09:17:30,21689,21666,21667,1642,2,
,09:17:31,21689,21666,21667,1642,2,
,09:17:31,21689,21666,21668,1643,1,
,09:17:32,21689,21666,21668,1643,1,
,09:17:32,21689,21666,21666,1646,3,
,09:17:33,21689,21666,21671,1655,9,
,09:17:34,21689,21666,21671,1655,9,
,09:17:34,21689,21666,21669,1658,3,
,09:17:35,21689,21666,21669,1659,1,
,09:17:35,21689,21666,21672,1665,6,
,09:17:36,21689,21666,21671,1667,2,
,09:17:37,21689,21666,21673,1668,1,
,09:17:38,21689,21666,21675,1677,9,
,09:17:39,21689,21666,21675,1677,9,
,09:17:39,21689,21666,21672,1679,2,
,09:17:40,21689,21666,21672,1684,5,
,09:17:41,21689,21666,21672,1684,5,
,09:17:41,21689,21666,21675,1686,2,
,09:17:42,21689,21666,21675,1686,2,
,09:17:44,21689,21666,21673,1687,1,
,09:17:46,21689,21666,21673,1687,1,
,09:17:47,21689,21666,21673,1688,1,
,09:17:47,21689,21666,21675,1689,1,
,09:17:48,21689,21666,21675,1689,1,
,09:17:49,21689,21666,21675,1690,1,
,09:17:50,21689,21666,21675,1690,1,
,09:17:51,21689,21666,21673,1693,3,
,09:17:51,21689,21666,21670,1694,1,
,09:17:52,21689,21666,21670,1697,3,
,09:17:53,21689,21666,21671,1698,1,
,09:17:53,21689,21666,21668,1699,1,
,09:17:54,21689,21666,21668,1699,1,
,09:17:54,21689,21666,21668,1699,1,
,09:17:55,21689,21666,21672,1703,4,
,09:17:56,21689,21666,21672,1703,4,
,09:17:56,21689,21666,21671,1704,1,
,09:17:57,21689,21666,21671,1710,6,
,09:17:58,21689,21666,21671,1714,4,
,09:18:00,21670,21670,21670,1715,1,
,09:18:00,21670,21669,21669,1718,3,
,09:18:01,21671,21669,21671,1719,1,
,09:18:01,21675,21669,21675,1722,3,
,09:18:02,21675,21669,21674,1723,1,
,09:18:02,21676,21669,21676,1727,4,
,09:18:03,21677,21669,21677,1728,1,
,09:18:04,21677,21669,21677,1728,1,
,09:18:05,21678,21669,21678,1729,1,
,09:18:05,21679,21669,21676,1731,2,
,09:18:06,21679,21669,21676,1731,2,
,09:18:06,21679,21669,21676,1732,1,
,09:18:07,21679,21669,21676,1732,1,
,09:18:08,21679,21669,21676,1732,1,
,09:18:08,21679,21669,21675,1734,2,
,09:18:09,21679,21669,21675,1734,2,
,09:18:10,21679,21669,21675,1735,1,
,09:18:10,21679,21669,21675,1736,1,
,09:18:11,21679,21669,21675,1736,1,
,09:18:11,21679,21669,21675,1739,3,
,09:18:12,21679,21669,21672,1740,1,
,09:18:12,21679,21669,21672,1740,1,
,09:18:13,21679,21669,21674,1741,1,
,09:18:13,21679,21669,21670,1751,10,
,09:18:14,21679,21669,21670,1751,10,
,09:18:14,21679,21669,21672,1752,1,
,09:18:16,21679,21669,21672,1752,1,
,09:18:17,21679,21669,21670,1754,2,
,09:18:17,21679,21669,21669,1756,2,
,09:18:18,21679,21669,21672,1759,3,
,09:18:19,21679,21669,21672,1760,1,
,09:18:19,21679,21669,21672,1760,1,
,09:18:20,21679,21669,21672,1760,1,
,09:18:20,21679,21669,21669,1762,2,
,09:18:21,21679,21669,21669,1762,2,
,09:18:22,21679,21669,21669,1762,2,
,09:18:22,21679,21669,21671,1763,1,
,09:18:23,21679,21669,21674,1766,3,
,09:18:24,21679,21669,21672,1767,1,
,09:18:25,21679,21669,21672,1767,1,
,09:18:25,21679,21669,21674,1772,5,
,09:18:26,21679,21669,21674,1772,5,
,09:18:28,21679,21669,21671,1773,1,
,09:18:30,21679,21669,21671,1773,1,
,09:18:31,21679,21669,21671,1773,1,
,09:18:32,21679,21669,21671,1773,1,
,09:18:33,21679,21669,21671,1773,1,
,09:18:33,21679,21669,21672,1774,1,
,09:18:34,21679,21669,21672,1774,1,
,09:18:34,21679,21669,21672,1774,1,
,09:18:35,21679,21669,21671,1775,1,
,09:18:36,21679,21669,21671,1775,1,
,09:18:39,21679,21669,21670,1780,5,
,09:18:40,21679,21669,21670,1780,5,
,09:18:40,21679,21669,21670,1780,5,
,09:18:41,21679,21669,21670,1780,5,
,09:18:42,21679,21668,21669,1784,4,
,09:18:43,21679,21668,21669,1784,4,
,09:18:43,21679,21668,21669,1788,4,
,09:18:44,21679,21668,21669,1788,4,
,09:18:45,21679,21668,21668,1789,1,
,09:18:46,21679,21668,21669,1790,1,
,09:18:47,21679,21668,21669,1790,1,
,09:18:48,21679,21668,21672,1792,2,
,09:18:48,21679,21668,21673,1794,2,
,09:18:49,21679,21668,21673,1794,2,
,09:18:50,21679,21668,21673,1794,2,
,09:18:51,21679,21668,21673,1794,2,
,09:18:52,21679,21668,21673,1794,2,
,09:18:52,21679,21668,21673,1794,2,
,09:18:53,21679,21668,21673,1794,2,
,09:18:53,21679,21668,21670,1800,6,
,09:18:54,21679,21668,21670,1800,6,
,09:18:55,21679,21668,21670,1800,6,
,09:18:55,21679,21668,21670,1800,6,
,09:18:56,21679,21668,21671,1801,1,
,09:18:57,21679,21668,21671,1801,1,
,09:18:57,21679,21668,21671,1801,1,
,09:18:58,21679,21668,21669,1803,2,
,09:18:58,21679,21668,21669,1805,2,
,09:18:59,21679,21668,21669,1805,2,
,09:18:59,21679,21668,21670,1810,5,
,09:19:01,21670,21670,21670,1811,1,
,09:19:01,21670,21669,21669,1813,2,
,09:19:02,21670,21669,21669,1813,2,
,09:19:02,21670,21666,21666,1819,6,
,09:19:03,21670,21666,21666,1820,1,
,09:19:03,21670,21665,21665,1821,1,
,09:19:04,21670,21665,21665,1824,3,
,09:19:05,21670,21664,21664,1825,1,
,09:19:05,21670,21663,21663,1831,6,
,09:19:06,21670,21663,21663,1831,6,
,09:19:06,21670,21663,21663,1833,2,
,09:19:07,21670,21663,21663,1834,1,
,09:19:07,21670,21663,21668,1840,6,
,09:19:08,21670,21663,21668,1840,6,
,09:19:08,21670,21663,21667,1843,3,
,09:19:09,21670,21663,21667,1843,3,
,09:19:09,21670,21663,21667,1844,1,
,09:19:10,21670,21663,21667,1844,1,
,09:19:10,21670,21663,21669,1846,2,
,09:19:11,21670,21663,21669,1846,2,
,09:19:13,21670,21663,21669,1846,2,
,09:19:13,21670,21663,21670,1848,2,
,09:19:14,21670,21663,21670,1848,2,
,09:19:14,21670,21663,21668,1849,1,
,09:19:15,21670,21663,21668,1850,1,
,09:19:15,21670,21663,21670,1851,1,
,09:19:16,21670,21663,21670,1851,1,
,09:19:16,21670,21663,21670,1854,3,
,09:19:17,21672,21663,21672,1856,2,
,09:19:18,21672,21663,21672,1856,2,
,09:19:19,21674,21663,21674,1857,1,
,09:19:19,21675,21663,21675,1866,9,
,09:19:20,21676,21663,21674,1870,4,
,09:19:22,21676,21663,21674,1870,4,
,09:19:23,21676,21663,21674,1870,4,
,09:19:24,21676,21663,21675,1873,3,
,09:19:25,21676,21663,21675,1883,10,
,09:19:25,21676,21663,21676,1888,5,
,09:19:26,21676,21663,21676,1888,5,
,09:19:27,21676,21663,21676,1889,1,
,09:19:27,21677,21663,21676,1895,6,
,09:19:28,21677,21663,21676,1895,6,
,09:19:28,21677,21663,21674,1901,6,
,09:19:29,21677,21663,21676,1903,2,
,09:19:29,21677,21663,21674,1904,1,
,09:19:30,21677,21663,21674,1904,1,
,09:19:31,21677,21663,21676,1907,3,
,09:19:32,21677,21663,21676,1907,3,
,09:19:33,21677,21663,21677,1912,5,
,09:19:34,21677,21663,21675,1913,1,
,09:19:34,21678,21663,21678,1915,2,
,09:19:35,21678,21663,21678,1915,2,
,09:19:36,21678,21663,21677,1917,2,
,09:19:37,21678,21663,21677,1917,2,
,09:19:37,21678,21663,21677,1919,2,
,09:19:38,21678,21663,21677,1920,1,
,09:19:39,21678,21663,21678,1921,1,
,09:19:40,21679,21663,21679,1929,8,
,09:19:41,21679,21663,21679,1929,8,
,09:19:42,21680,21663,21680,1932,3,
,09:19:43,21680,21663,21680,1932,3,
,09:19:43,21680,21663,21679,1941,9,
,09:19:44,21680,21663,21679,1941,9,
,09:19:44,21680,21663,21674,1942,1,
,09:19:45,21680,21663,21676,1946,4,
,09:19:46,21680,21663,21676,1946,4,
,09:19:47,21680,21663,21676,1946,4,
,09:19:50,21680,21663,21676,1946,4,
,09:19:50,21680,21663,21677,1950,4,
,09:19:51,21680,21663,21677,1950,4,
,09:19:52,21680,21663,21678,1951,1,
,09:19:52,21680,21663,21678,1953,2,
,09:19:53,21680,21663,21678,1954,1,
,09:19:54,21680,21663,21677,1955,1,
,09:19:54,21680,21663,21677,1955,1,
,09:19:55,21680,21663,21677,1956,1,
,09:19:58,21680,21663,21677,1957,1,
,09:19:58,21680,21663,21677,1957,1,
,09:20:00,21677,21677,21677,1957,1,
,09:20:00,21678,21677,21678,1965,8,
,09:20:01,21678,21677,21678,1965,8,
,09:20:01,21679,21677,21678,1968,3,
,09:20:02,21680,21677,21680,1970,2,
,09:20:02,21680,21677,21677,1972,2,
,09:20:03,21680,21675,21675,1975,3,
,09:20:03,21680,21675,21677,1978,3,
,09:20:04,21680,21675,21677,1978,3,
,09:20:04,21680,21675,21677,1980,2,
,09:20:05,21680,21675,21677,1983,3,
,09:20:06,21680,21675,21677,1983,3,
,09:20:06,21680,21675,21677,1985,2,
,09:20:07,21680,21674,21674,1987,2,
,09:20:07,21680,21674,21677,1988,1,
,09:20:08,21680,21674,21675,1990,2,
,09:20:08,21680,21674,21675,1990,2,
,09:20:09,21680,21674,21676,1991,1,
,09:20:09,21680,21674,21675,1992,1,
,09:20:10,21680,21674,21678,1993,1,
,09:20:11,21680,21674,21678,1993,1,
,09:20:12,21680,21674,21678,1993,1,
,09:20:13,21680,21669,21672,2012,19,
,09:20:14,21680,21669,21672,2013,1,
,09:20:15,21680,21669,21672,2013,1,
,09:20:17,21680,21669,21672,2014,1,
,09:20:17,21680,21669,21674,2015,1,
,09:20:18,21680,21669,21674,2015,1,
,09:20:19,21680,21669,21674,2018,3,
,09:20:20,21680,21669,21674,2018,3,
,09:20:20,21680,21669,21672,2019,1,
,09:20:21,21680,21669,21674,2020,1,
,09:20:21,21680,21669,21672,2021,1,
,09:20:22,21680,21669,21672,2021,1,
,09:20:22,21680,21669,21676,2022,1,
,09:20:23,21680,21669,21676,2022,1,
,09:20:23,21680,21669,21676,2022,1,
,09:20:25,21680,21669,21676,2022,1,
,09:20:26,21680,21669,21676,2022,1,
,09:20:27,21680,21669,21673,2024,2,
,09:20:28,21680,21669,21673,2025,1,
,09:20:29,21680,21669,21673,2025,1,
,09:20:29,21680,21669,21673,2025,1,
,09:20:30,21680,21669,21673,2025,1,
,09:20:31,21680,21669,21673,2025,1,
,09:20:31,21680,21669,21675,2026,1,
,09:20:32,21680,21669,21676,2027,1,
,09:20:33,21680,21669,21676,2027,1,
,09:20:37,21680,21669,21676,2030,3,
,09:20:38,21680,21669,21676,2030,3,
,09:20:40,21680,21669,21675,2032,2,
,09:20:40,21680,21669,21678,2042,10,
,09:20:42,21680,21669,21677,2043,1,
,09:20:43,21680,21669,21677,2043,1,
,09:20:43,21680,21669,21677,2044,1,
,09:20:44,21680,21669,21677,2044,1,
,09:20:44,21680,21669,21677,2047,3,
,09:20:45,21680,21669,21677,2047,3,
,09:20:45,21680,21669,21677,2049,2,
,09:20:46,21680,21669,21677,2049,2,
,09:20:46,21681,21669,21679,2052,3,
,09:20:47,21681,21669,21681,2073,21,
,09:20:48,21681,21669,21680,2074,1,
,09:20:48,21684,21669,21684,2080,6,
,09:20:49,21684,21669,21684,2080,6,
,09:20:49,21684,21669,21682,2082,2,
,09:20:50,21684,21669,21682,2082,2,
,09:20:50,21688,21669,21688,2106,24,
,09:20:51,21688,21669,21688,2106,24,
,09:20:52,21698,21669,21698,2145,39,
,09:20:53,21698,21669,21695,2146,1,
,09:20:53,21698,21669,21693,2171,25,
,09:20:54,21698,21669,21691,2172,1,
,09:20:54,21698,21669,21692,2181,9,
,09:20:55,21698,21669,21692,2181,9,
,09:20:55,21698,21669,21694,2187,6,
,09:20:56,21698,21669,21696,2188,1,
,09:20:56,21698,21669,21696,2193,5,
,09:20:57,21698,21669,21696,2194,1,
,09:20:57,21698,21669,21698,2200,6,
,09:20:58,21698,21669,21693,2209,9,
,09:20:59,21698,21669,21689,2213,4,
,09:21:00,21689,21689,21689,2214,1,
,09:21:00,21694,21688,21694,2229,15,
,09:21:01,21694,21688,21693,2233,4,
,09:21:02,21695,21688,21693,2238,5,
,09:21:03,21695,21688,21693,2238,5,
,09:21:03,21695,21688,21695,2240,2,
,09:21:04,21696,21688,21696,2241,1,
,09:21:04,21696,21688,21691,2248,7,
,09:21:05,21696,21688,21691,2248,7,
,09:21:05,21696,21688,21693,2252,4,
,09:21:06,21696,21688,21693,2253,1,
,09:21:06,21696,21688,21695,2254,1,
,09:21:07,21698,21688,21697,2263,9,
,09:21:08,21698,21688,21695,2269,6,
,09:21:09,21698,21688,21698,2270,1,
,09:21:09,21699,21688,21697,2277,7,
,09:21:10,21699,21688,21697,2277,7,
,09:21:10,21700,21688,21698,2298,21,
,09:21:11,21700,21688,21699,2312,14,
,09:21:12,21700,21688,21700,2319,7,
,09:21:13,21700,21688,21699,2332,13,
,09:21:14,21700,21688,21699,2332,13,
,09:21:14,21701,21688,21701,2340,8,
,09:21:15,21701,21688,21701,2345,5,
,09:21:15,21706,21688,21704,2361,16,
,09:21:16,21707,21688,21705,2377,16,
,09:21:17,21707,21688,21705,2377,16,
,09:21:17,21707,21688,21705,2384,7,
,09:21:18,21707,21688,21705,2384,7,
,09:21:18,21707,21688,21704,2402,18,
,09:21:19,21707,21688,21705,2403,1,
,09:21:19,21707,21688,21701,2407,4,
,09:21:20,21707,21688,21701,2407,4,
,09:21:20,21707,21688,21699,2413,6,
,09:21:21,21707,21688,21699,2414,1,
,09:21:21,21707,21688,21696,2419,5,
,09:21:22,21707,21688,21696,2419,5,
,09:21:22,21707,21688,21698,2425,6,
,09:21:23,21707,21688,21697,2426,1,
,09:21:23,21707,21688,21696,2430,4,
,09:21:24,21707,21688,21696,2430,4,
,09:21:24,21707,21688,21697,2434,4,
,09:21:25,21707,21688,21697,2434,4,
,09:21:25,21707,21688,21698,2439,5,
,09:21:26,21707,21688,21698,2441,2,
,09:21:27,21707,21688,21698,2441,2,
,09:21:27,21707,21688,21699,2442,1,
,09:21:28,21707,21688,21699,2442,1,
,09:21:28,21707,21688,21699,2446,4,
,09:21:29,21707,21688,21699,2446,4,
,09:21:29,21707,21688,21701,2447,1,
,09:21:30,21707,21688,21701,2449,2,
,09:21:30,21707,21688,21700,2455,6,
,09:21:31,21707,21688,21698,2458,3,
,09:21:32,21707,21688,21698,2458,3,
,09:21:32,21707,21688,21701,2469,11,
,09:21:33,21707,21688,21699,2470,1,
,09:21:33,21707,21688,21700,2487,17,
,09:21:34,21707,21688,21699,2492,5,
,09:21:35,21707,21688,21699,2492,5,
,09:21:35,21707,21688,21699,2492,5,
,09:21:36,21707,21688,21698,2493,1,
,09:21:36,21707,21688,21696,2494,1,
,09:21:38,21707,21688,21696,2495,1,
,09:21:38,21707,21688,21698,2511,16,
,09:21:39,21707,21688,21696,2515,4,
,09:21:40,21707,21688,21696,2518,3,
,09:21:41,21707,21688,21694,2519,1,
,09:21:41,21707,21688,21693,2520,1,
,09:21:42,21707,21688,21693,2520,1,
,09:21:43,21707,21688,21695,2523,3,
,09:21:43,21707,21688,21698,2525,2,
,09:21:44,21707,21688,21698,2526,1,
,09:21:44,21707,21688,21698,2529,3,
,09:21:45,21707,21688,21697,2534,5,
,09:21:46,21707,21688,21697,2535,1,
,09:21:46,21707,21688,21695,2541,6,
,09:21:47,21707,21688,21695,2541,6,
,09:21:47,21707,21688,21695,2542,1,
,09:21:48,21707,21688,21693,2543,1,
,09:21:48,21707,21688,21693,2544,1,
,09:21:49,21707,21688,21694,2548,4,
,09:21:50,21707,21688,21697,2549,1,
,09:21:50,21707,21688,21697,2550,1,
,09:21:52,21707,21688,21700,2551,1,
,09:21:52,21707,21688,21700,2554,3,
,09:21:53,21707,21688,21700,2554,3,
,09:21:54,21707,21688,21700,2555,1,
,09:21:55,21707,21688,21701,2557,2,
,09:21:56,21707,21688,21701,2558,1,
,09:21:57,21707,21688,21700,2561,3,
,09:21:57,21707,21688,21700,2563,2,
,09:21:58,21707,21688,21698,2581,18,
,09:21:59,21707,21688,21698,2581,18,
,09:21:59,21707,21688,21697,2582,1,
,09:22:00,21697,21697,21697,2582,1,
,09:22:00,21697,21696,21696,2584,2,
,09:22:01,21697,21696,21697,2585,1,
,09:22:02,21697,21696,21697,2585,1,
,09:22:03,21697,21696,21696,2586,1,
,09:22:03,21697,21695,21695,2588,2,
,09:22:04,21697,21694,21694,2592,4,
,09:22:05,21697,21694,21694,2592,4,
,09:22:05,21697,21691,21694,2594,2,
,09:22:07,21697,21691,21691,2595,1,
,09:22:07,21697,21691,21691,2596,1,
,09:22:08,21697,21691,21691,2597,1,
,09:22:09,21697,21689,21693,2606,9,
,09:22:10,21697,21689,21693,2608,2,
,09:22:10,21697,21689,21694,2614,6,
,09:22:11,21697,21689,21694,2614,6,
,09:22:11,21697,21689,21692,2615,1,
,09:22:12,21697,21689,21695,2616,1,
,09:22:14,21697,21689,21695,2616,1,
,09:22:18,21697,21689,21695,2616,1,
,09:22:19,21697,21689,21693,2621,5,
,09:22:20,21697,21689,21693,2621,5,
,09:22:20,21697,21689,21690,2625,4,
,09:22:21,21697,21689,21690,2625,4,
,09:22:21,21697,21688,21688,2628,3,
,09:22:22,21697,21688,21688,2630,2,
,09:22:22,21697,21686,21687,2636,6,
,09:22:23,21697,21686,21687,2636,6,
,09:22:23,21697,21686,21686,2641,5,
,09:22:24,21697,21685,21691,2645,4,
,09:22:25,21697,21685,21690,2647,2,
,09:22:26,21697,21685,21690,2647,2,
,09:22:26,21697,21685,21692,2651,4,
,09:22:26,21697,21685,21692,2653,2,
,09:22:27,21697,21685,21690,2654,1,
,09:22:28,21697,21685,21690,2654,1,
,09:22:28,21697,21685,21692,2660,6,
,09:22:29,21697,21685,21692,2660,6,
,09:22:29,21697,21685,21693,2661,1,
,09:22:30,21697,21685,21693,2661,1,
,09:22:30,21697,21685,21691,2664,3,
,09:22:31,21697,21685,21691,2664,3,
,09:22:31,21697,21685,21692,2673,9,
,09:22:32,21697,21685,21692,2673,9,
,09:22:32,21697,21685,21692,2674,1,
,09:22:33,21697,21685,21692,2674,1,
,09:22:33,21697,21685,21694,2682,8,
,09:22:34,21697,21685,21696,2683,1,
,09:22:34,21697,21685,21696,2683,1,
,09:22:36,21697,21685,21696,2683,1,
,09:22:36,21697,21685,21696,2686,3,
,09:22:37,21697,21685,21696,2686,3,
,09:22:37,21697,21685,21695,2687,1,
,09:22:38,21697,21685,21695,2688,1,
,09:22:39,21697,21685,21696,2689,1,
,09:22:40,21697,21685,21696,2690,1,
,09:22:40,21697,21685,21697,2694,4,
,09:22:41,21697,21685,21696,2695,1,
,09:22:45,21697,21685,21696,2695,1,
,09:22:45,21697,21685,21695,2696,1,
,09:22:46,21697,21685,21695,2697,1,
,09:22:46,21697,21685,21695,2699,2,
,09:22:47,21697,21685,21695,2699,2,
,09:22:47,21697,21685,21697,2705,6,
,09:22:48,21697,21685,21697,2705,6,
,09:22:49,21697,21685,21697,2705,6,
,09:22:49,21700,21685,21700,2711,6,
,09:22:50,21704,21685,21702,2720,9,
,09:22:51,21704,21685,21701,2727,7,
,09:22:52,21704,21685,21701,2727,7,
,09:22:52,21704,21685,21700,2733,6,
,09:22:52,21704,21685,21701,2737,4,
,09:22:53,21704,21685,21701,2737,4,
,09:22:53,21704,21685,21697,2748,11,
,09:22:54,21704,21685,21697,2748,11,
,09:22:54,21704,21685,21694,2752,4,
,09:22:55,21704,21685,21694,2752,4,
,09:22:55,21704,21685,21702,2755,3,
,09:22:56,21704,21685,21702,2755,3,
,09:22:56,21704,21685,21702,2764,9,
,09:22:57,21704,21685,21702,2764,9,
,09:22:57,21704,21685,21697,2767,3,
,09:22:58,21704,21685,21694,2770,3,
,09:22:58,21704,21685,21693,2771,1,
,09:22:59,21704,21685,21700,2792,21,
,09:23:00,21700,21700,21700,2793,1,
,09:23:00,21701,21700,21701,2798,5,
,09:23:01,21701,21700,21701,2798,5,
,09:23:01,21701,21698,21699,2804,6,
,09:23:02,21701,21698,21700,2805,1,
,09:23:02,21701,21698,21699,2809,4,
,09:23:03,21701,21698,21699,2809,4,
,09:23:03,21701,21698,21699,2810,1,
,09:23:04,21701,21697,21697,2811,1,
,09:23:04,21701,21697,21697,2812,1,
,09:23:05,21701,21697,21697,2813,1,
,09:23:05,21701,21695,21695,2816,3,
,09:23:06,21701,21695,21695,2816,3,
,09:23:06,21701,21692,21692,2817,1,
,09:23:08,21701,21692,21694,2818,1,
,09:23:08,21701,21692,21694,2823,5,
,09:23:09,21701,21692,21694,2823,5,
,09:23:09,21701,21692,21695,2826,3,
,09:23:10,21701,21692,21693,2827,1,
,09:23:10,21701,21692,21694,2829,2,
,09:23:11,21701,21692,21694,2829,2,
,09:23:11,21701,21692,21693,2831,2,
,09:23:12,21701,21692,21696,2833,2,
,09:23:13,21701,21692,21697,2834,1,
,09:23:14,21701,21692,21697,2834,1,
,09:23:14,21701,21692,21696,2838,4,
,09:23:16,21701,21692,21695,2840,2,
,09:23:16,21701,21692,21695,2843,3,
,09:23:17,21701,21692,21695,2843,3,
,09:23:17,21701,21692,21693,2845,2,
,09:23:18,21701,21692,21693,2845,2,
,09:23:19,21701,21692,21695,2846,1,
,09:23:20,21701,21692,21695,2846,1,
,09:23:20,21701,21692,21693,2849,3,
,09:23:21,21701,21692,21693,2850,1,
,09:23:23,21701,21692,21693,2850,1,
,09:23:24,21701,21692,21693,2850,1,
,09:23:25,21701,21692,21693,2850,1,
,09:23:25,21701,21692,21693,2853,3,
,09:23:26,21701,21692,21693,2853,3,
,09:23:26,21701,21692,21692,2854,1,
,09:23:27,21701,21692,21692,2854,1,
,09:23:27,21701,21691,21691,2859,5,
,09:23:28,21701,21691,21691,2859,5,
,09:23:30,21701,21691,21691,2859,5,
,09:23:30,21701,21691,21692,2860,1,
,09:23:31,21701,21691,21692,2861,1,
,09:23:32,21701,21691,21692,2862,1,
,09:23:32,21701,21691,21692,2864,2,
,09:23:33,21701,21691,21692,2864,2,
,09:23:34,21701,21691,21692,2864,2,
,09:23:35,21701,21691,21691,2866,2,
,09:23:35,21701,21691,21692,2867,1,
,09:23:37,21701,21691,21692,2868,1,
,09:23:38,21701,21691,21692,2868,1,
,09:23:39,21701,21691,21692,2868,1,
,09:23:40,21701,21691,21692,2870,2,
,09:23:41,21701,21689,21691,2879,9,
,09:23:42,21701,21689,21691,2881,2,
,09:23:43,21701,21689,21689,2882,1,
,09:23:43,21701,21688,21688,2884,2,
,09:23:44,21701,21688,21688,2884,2,
,09:23:44,21701,21688,21689,2885,1,
,09:23:45,21701,21688,21689,2886,1,
,09:23:45,21701,21688,21689,2888,2,
,09:23:48,21701,21688,21690,2890,2,
,09:23:49,21701,21688,21690,2890,2,
,09:23:50,21701,21688,21693,2901,11,
,09:23:51,21701,21688,21693,2902,1,
,09:23:51,21701,21688,21693,2903,1,
,09:23:52,21701,21688,21692,2905,2,
,09:23:53,21701,21688,21692,2905,2,
,09:23:55,21701,21688,21691,2906,1,
,09:23:55,21701,21688,21693,2907,1,
,09:23:57,21701,21688,21691,2908,1,
,09:23:58,21701,21688,21691,2908,1,
,09:23:59,21701,21688,21691,2908,1,
,09:23:59,21701,21688,21693,2911,3,
,09:24:01,21693,21693,21693,2911,3,
,09:24:01,21693,21693,21693,2914,3,
,09:24:02,21693,21693,21693,2914,3,
,09:24:03,21694,21693,21693,2919,5,
,09:24:04,21694,21693,21693,2919,5,
,09:24:04,21694,21691,21691,2923,4,
,09:24:06,21694,21691,21691,2923,4,
,09:24:06,21694,21691,21691,2923,4,
,09:24:08,21694,21691,21691,2923,4,
,09:24:08,21694,21691,21693,2925,2,
,09:24:09,21694,21691,21693,2925,2,
,09:24:10,21694,21691,21693,2925,2,
,09:24:11,21694,21691,21693,2925,2,
,09:24:12,21694,21691,21693,2925,2,
,09:24:13,21694,21691,21693,2928,3,
,09:24:14,21694,21691,21693,2928,3,
,09:24:17,21694,21691,21693,2928,3,
,09:24:18,21695,21691,21695,2929,1,
,09:24:19,21695,21691,21695,2929,1,
,09:24:19,21695,21691,21693,2930,1,
,09:24:20,21695,21691,21693,2930,1,
,09:24:20,21695,21691,21693,2932,2,
,09:24:21,21695,21691,21693,2932,2,
,09:24:22,21695,21691,21693,2932,2,
,09:24:25,21695,21691,21693,2934,2,
,09:24:27,21695,21691,21694,2938,4,
,09:24:27,21695,21691,21691,2958,20,
,09:24:28,21695,21691,21691,2958,20,
,09:24:28,21695,21691,21692,2960,2,
,09:24:29,21695,21691,21692,2960,2,
,09:24:29,21695,21690,21690,2963,3,
,09:24:30,21695,21690,21690,2963,3,
,09:24:32,21695,21690,21690,2966,3,
,09:24:33,21695,21689,21689,2967,1,
,09:24:33,21695,21689,21689,2968,1,
,09:24:36,21695,21689,21689,2968,1,
,09:24:36,21695,21688,21689,2979,11,
,09:24:37,21695,21688,21689,2979,11,
,09:24:37,21695,21687,21687,2983,4,
,09:24:38,21695,21687,21687,2983,4,
,09:24:38,21695,21687,21687,2986,3,
,09:24:39,21695,21687,21687,2986,3,
,09:24:39,21695,21687,21689,2991,5,
,09:24:40,21695,21687,21689,2991,5,
,09:24:40,21695,21687,21689,2994,3,
,09:24:41,21695,21687,21692,3004,10,
,09:24:42,21695,21687,21694,3013,9,
,09:24:43,21695,21687,21694,3013,9,
,09:24:43,21695,21687,21695,3015,2,
,09:24:44,21695,21687,21694,3017,2,
,09:24:45,21697,21687,21696,3021,4,
,09:24:46,21697,21687,21696,3021,4,
,09:24:46,21697,21687,21696,3021,4,
,09:24:47,21697,21687,21694,3022,1,
,09:24:47,21697,21687,21694,3022,1,
,09:24:49,21697,21687,21694,3022,1,
,09:24:52,21697,21687,21694,3022,1,
,09:24:52,21697,21687,21694,3023,1,
,09:24:53,21697,21687,21694,3023,1,
,09:24:54,21697,21687,21695,3025,2,
,09:24:55,21697,21687,21695,3025,2,
,09:24:55,21697,21687,21696,3026,1,
,09:24:56,21697,21687,21696,3026,1,
,09:24:56,21697,21687,21696,3027,1,
,09:24:57,21697,21687,21694,3028,1,
,09:24:58,21697,21687,21694,3028,1,
,09:24:59,21697,21687,21696,3029,1,
,09:24:59,21697,21687,21694,3031,2,
,09:25:00,21697,21697,21697,3032,1,
,09:25:00,21697,21695,21695,3034,2,
,09:25:01,21697,21695,21695,3035,1,
,09:25:02,21697,21695,21695,3035,1,
,09:25:02,21697,21695,21697,3036,1,
,09:25:03,21697,21694,21694,3048,12,
,09:25:04,21697,21694,21694,3049,1,
,09:25:04,21697,21694,21694,3049,1,
,09:25:05,21697,21691,21691,3056,7,
,09:25:06,21697,21689,21689,3058,2,
,09:25:06,21697,21689,21689,3059,1,
,09:25:07,21697,21689,21689,3059,1,
,09:25:07,21697,21686,21687,3062,3,
,09:25:08,21697,21686,21687,3062,3,
,09:25:08,21697,21685,21686,3064,2,
,09:25:09,21697,21685,21686,3064,2,
,09:25:09,21697,21685,21687,3065,1,
,09:25:10,21697,21685,21686,3066,1,
,09:25:10,21697,21685,21686,3066,1,
,09:25:11,21697,21685,21686,3066,1,
,09:25:12,21697,21685,21687,3067,1,
,09:25:12,21697,21685,21688,3068,1,
,09:25:14,21697,21685,21687,3069,1,
,09:25:15,21697,21685,21687,3069,1,
,09:25:16,21697,21685,21694,3094,25,
,09:25:17,21697,21685,21693,3095,1,
,09:25:18,21697,21685,21694,3097,2,
,09:25:18,21697,21685,21694,3103,6,
,09:25:19,21697,21685,21693,3104,1,
,09:25:19,21697,21685,21693,3104,1,
,09:25:20,21697,21685,21692,3111,7,
,09:25:21,21697,21685,21693,3113,2,
,09:25:21,21697,21685,21692,3114,1,
,09:25:22,21697,21685,21694,3121,7,
,09:25:23,21697,21685,21694,3121,7,
,09:25:24,21697,21685,21691,3122,1,
,09:25:24,21697,21685,21691,3125,3,
,09:25:25,21697,21685,21691,3126,1,
,09:25:25,21697,21685,21691,3126,1,
,09:25:28,21697,21685,21691,3126,1,
,09:25:30,21697,21685,21689,3130,4,
,09:25:31,21697,21685,21689,3130,4,
,09:25:33,21697,21685,21689,3130,4,
,09:25:33,21697,21685,21689,3133,3,
,09:25:34,21697,21685,21689,3134,1,
,09:25:35,21697,21685,21689,3134,1,
,09:25:35,21697,21685,21689,3138,4,
,09:25:37,21697,21685,21689,3148,10,
,09:25:38,21697,21685,21689,3148,10,
,09:25:38,21697,21685,21689,3148,10,
,09:25:39,21697,21685,21688,3149,1,
,09:25:39,21697,21685,21687,3150,1,
,09:25:40,21697,21685,21687,3154,4,
,09:25:40,21697,21685,21688,3161,7,
,09:25:41,21697,21685,21688,3161,7,
,09:25:41,21697,21685,21688,3162,1,
,09:25:42,21697,21685,21688,3162,1,
,09:25:42,21697,21685,21688,3166,4,
,09:25:43,21697,21685,21689,3167,1,
,09:25:43,21697,21685,21689,3170,3,
,09:25:44,21697,21685,21689,3170,3,
,09:25:44,21697,21685,21687,3172,2,
,09:25:46,21697,21685,21687,3172,2,
,09:25:47,21697,21685,21689,3182,10,
,09:25:48,21697,21685,21689,3182,10,
,09:25:48,21697,21685,21687,3184,2,
,09:25:49,21697,21685,21687,3185,1,
,09:25:50,21697,21685,21686,3186,1,
,09:25:52,21697,21685,21685,3187,1,
,09:25:52,21697,21682,21682,3195,8,
,09:25:53,21697,21681,21681,3196,1,
,09:25:53,21697,21681,21682,3199,3,
,09:25:54,21697,21681,21681,3200,1,
,09:25:55,21697,21681,21681,3201,1,
,09:25:56,21697,21681,21681,3201,1,
,09:25:56,21697,21681,21683,3204,3,
,09:25:57,21697,21681,21684,3205,1,
,09:25:57,21697,21681,21686,3206,1,
,09:25:58,21697,21681,21685,3207,1,
,09:25:59,21697,21681,21685,3209,2,
,09:25:59,21697,21681,21686,3210,1,
,09:26:00,21686,21686,21686,3210,1,
,09:26:00,21686,21685,21685,3211,1,
,09:26:02,21686,21685,21685,3211,1,
,09:26:02,21686,21685,21685,3212,1,
,09:26:03,21686,21685,21685,3213,1,
,09:26:03,21686,21685,21685,3213,1,
,09:26:04,21686,21685,21686,3214,1,
,09:26:04,21686,21685,21686,3214,1,
,09:26:06,21686,21684,21684,3218,4,
,09:26:07,21686,21683,21683,3220,2,
,09:26:08,21686,21683,21683,3220,2,
,09:26:08,21686,21683,21683,3221,1,
,09:26:09,21686,21681,21681,3222,1,
,09:26:09,21686,21681,21683,3227,5,
,09:26:10,21686,21681,21683,3231,4,
,09:26:10,21686,21681,21682,3232,1,
,09:26:11,21686,21681,21682,3232,1,
,09:26:11,21686,21681,21683,3235,3,
,09:26:13,21686,21681,21683,3235,3,
,09:26:13,21686,21681,21682,3236,1,
,09:26:14,21686,21681,21682,3237,1,
,09:26:14,21686,21680,21680,3241,4,
,09:26:15,21686,21680,21680,3241,4,
,09:26:15,21686,21680,21680,3244,3,
,09:26:16,21686,21680,21681,3245,1,
,09:26:16,21686,21679,21679,3250,5,
,09:26:17,21686,21679,21679,3250,5,
,09:26:17,21686,21679,21682,3259,9,
,09:26:18,21686,21679,21682,3259,9,
,09:26:18,21686,21679,21682,3260,1,
,09:26:19,21686,21679,21682,3260,1,
,09:26:19,21686,21679,21679,3261,1,
,09:26:20,21686,21679,21679,3261,1,
,09:26:20,21686,21679,21679,3264,3,
,09:26:21,21686,21679,21679,3264,3,
,09:26:21,21686,21679,21680,3265,1,
,09:26:22,21686,21679,21680,3267,2,
,09:26:22,21686,21679,21681,3268,1,
,09:26:23,21686,21679,21680,3269,1,
,09:26:24,21686,21679,21681,3271,2,
,09:26:24,21686,21679,21681,3282,11,
,09:26:25,21686,21679,21681,3282,11,
,09:26:25,21686,21679,21681,3285,3,
,09:26:26,21686,21679,21682,3287,2,
,09:26:27,21686,21679,21680,3288,1,
,09:26:28,21686,21679,21680,3288,1,
,09:26:29,21686,21679,21680,3289,1,
,09:26:30,21686,21679,21680,3290,1,
,09:26:31,21686,21679,21682,3301,11,
,09:26:32,21686,21679,21682,3301,11,
,09:26:32,21686,21679,21683,3303,2,
,09:26:33,21686,21679,21683,3303,2,
,09:26:33,21686,21679,21683,3310,7,
,09:26:34,21686,21679,21683,3310,7,
,09:26:34,21686,21679,21683,3311,1,
,09:26:35,21686,21679,21685,3312,1,
,09:26:35,21686,21679,21684,3314,2,
,09:26:36,21686,21679,21685,3317,3,
,09:26:37,21687,21679,21687,3320,3,
,09:26:38,21687,21679,21687,3320,3,
,09:26:38,21687,21679,21685,3321,1,
,09:26:39,21687,21679,21685,3321,1,
,09:26:39,21687,21679,21685,3322,1,
,09:26:40,21687,21679,21685,3325,3,
,09:26:41,21687,21679,21685,3325,3,
,09:26:42,21687,21679,21686,3326,1,
,09:26:43,21687,21679,21686,3326,1,
,09:26:43,21687,21679,21686,3327,1,
,09:26:44,21687,21679,21686,3327,1,
,09:26:44,21687,21679,21687,3332,5,
,09:26:46,21687,21679,21687,3336,4,
,09:26:47,21687,21679,21687,3336,4,
,09:26:47,21687,21679,21687,3336,4,
,09:26:48,21687,21679,21687,3337,1,
,09:26:48,21688,21679,21688,3356,19,
,09:26:49,21689,21679,21689,3359,3,
,09:26:49,21689,21679,21688,3360,1,
,09:26:51,21689,21679,21688,3361,1,
,09:26:51,21689,21679,21688,3362,1,
,09:26:52,21689,21679,21688,3363,1,
,09:26:53,21689,21679,21689,3364,1,
,09:26:53,21689,21679,21688,3366,2,
,09:26:55,21689,21679,21688,3366,2,
,09:26:55,21689,21679,21688,3369,3,
,09:26:56,21689,21679,21688,3369,3,
,09:26:57,21689,21679,21688,3370,1,
,09:26:58,21689,21679,21688,3370,1,
,09:26:58,21689,21679,21688,3371,1,
,09:26:59,21689,21679,21688,3371,1,
,09:27:00,21689,21689,21689,3372,1,
,09:27:00,21690,21689,21690,3373,1,
,09:27:01,21690,21687,21687,3378,5,
,09:27:02,21690,21687,21687,3378,5,
,09:27:02,21690,21685,21685,3381,3,
,09:27:03,21690,21685,21685,3381,3,
,09:27:03,21690,21685,21685,3382,1,
,09:27:04,21690,21683,21685,3388,6,
,09:27:05,21690,21683,21686,3389,1,
,09:27:07,21690,21683,21688,3397,8,
,09:27:08,21690,21683,21689,3399,2,
,09:27:08,21690,21683,21689,3399,2,
,09:27:09,21690,21683,21689,3399,2,
,09:27:09,21691,21683,21691,3408,9,
,09:27:10,21693,21683,21693,3411,3,
,09:27:12,21694,21683,21694,3412,1,
,09:27:12,21694,21683,21692,3419,7,
,09:27:13,21694,21683,21692,3419,7,
,09:27:13,21694,21683,21689,3425,6,
,09:27:15,21694,21683,21689,3425,6,
,09:27:17,21694,21683,21688,3426,1,
,09:27:20,21694,21683,21690,3429,3,
,09:27:21,21694,21683,21690,3429,3,
,09:27:22,21694,21683,21690,3429,3,
,09:27:23,21694,21683,21690,3430,1,
,09:27:26,21694,21683,21690,3432,2,
,09:27:27,21694,21683,21690,3432,2,
,09:27:27,21694,21683,21690,3434,2,
,09:27:28,21694,21683,21690,3435,1,
,09:27:29,21694,21683,21690,3435,1,
,09:27:30,21694,21683,21691,3442,7,
,09:27:31,21694,21683,21689,3444,2,
,09:27:31,21694,21683,21689,3445,1,
,09:27:32,21694,21683,21689,3445,1,
,09:27:33,21694,21683,21690,3450,5,
,09:27:35,21694,21683,21689,3451,1,
,09:27:35,21694,21683,21689,3452,1,
,09:27:36,21694,21683,21690,3453,1,
,09:27:37,21694,21683,21688,3454,1,
,09:27:38,21694,21683,21690,3455,1,
,09:27:38,21694,21683,21691,3456,1,
,09:27:40,21694,21683,21689,3457,1,
,09:27:41,21694,21683,21691,3458,1,
,09:27:41,21694,21683,21693,3464,6,
,09:27:43,21694,21683,21691,3467,3,
,09:27:44,21694,21683,21691,3467,3,
,09:27:44,21694,21683,21692,3471,4,
,09:27:45,21694,21683,21692,3471,4,
,09:27:45,21694,21683,21693,3472,1,
,09:27:46,21694,21683,21693,3472,1,
,09:27:46,21694,21683,21691,3473,1,
,09:27:47,21694,21683,21693,3474,1,
,09:27:51,21694,21683,21693,3475,1,
,09:27:51,21694,21683,21694,3476,1,
,09:27:52,21696,21683,21695,3493,17,
,09:27:53,21696,21683,21695,3493,17,
,09:27:54,21696,21683,21693,3497,4,
,09:27:56,21696,21683,21693,3497,4,
,09:27:57,21696,21683,21692,3498,1,
,09:27:59,21696,21683,21691,3499,1,
,09:28:01,21690,21690,21690,3500,1,
,09:28:02,21690,21690,21690,3500,1,
,09:28:02,21690,21690,21690,3503,3,
,09:28:03,21690,21690,21690,3503,3,
,09:28:03,21691,21689,21690,3518,15,
,09:28:05,21692,21689,21690,3522,4,
,09:28:06,21692,21689,21690,3522,4,
,09:28:07,21692,21689,21690,3523,1,
,09:28:08,21693,21689,21693,3526,3,
,09:28:09,21694,21689,21694,3527,1,
,09:28:11,21695,21689,21695,3528,1,
,09:28:11,21695,21689,21693,3529,1,
,09:28:13,21695,21689,21695,3530,1,
,09:28:14,21695,21689,21695,3530,1,
,09:28:14,21695,21689,21693,3533,3,
,09:28:15,21695,21689,21694,3534,1,
,09:28:15,21695,21689,21694,3536,2,
,09:28:16,21695,21689,21695,3537,1,
,09:28:16,21695,21689,21695,3538,1,
,09:28:17,21695,21689,21695,3538,1,
,09:28:18,21695,21689,21695,3539,1,
,09:28:19,21696,21689,21696,3540,1,
,09:28:20,21696,21689,21690,3547,7,
,09:28:21,21696,21689,21690,3547,7,
,09:28:21,21696,21689,21694,3549,2,
,09:28:22,21696,21689,21694,3549,2,
,09:28:23,21696,21689,21694,3549,2,
,09:28:24,21696,21689,21694,3550,1,
,09:28:25,21696,21689,21694,3550,1,
,09:28:25,21696,21689,21693,3551,1,
,09:28:26,21696,21689,21693,3551,1,
,09:28:26,21696,21689,21693,3553,2,
,09:28:27,21696,21689,21693,3553,2,
,09:28:27,21696,21689,21693,3553,2,
,09:28:28,21696,21689,21693,3554,1,
,09:28:29,21696,21689,21690,3570,16,
,09:28:30,21696,21689,21690,3570,16,
,09:28:31,21696,21689,21692,3573,3,
,09:28:32,21696,21689,21692,3573,3,
,09:28:33,21696,21689,21691,3575,2,
,09:28:34,21696,21687,21687,3580,5,
,09:28:35,21696,21687,21690,3581,1,
,09:28:35,21696,21687,21692,3584,3,
,09:28:36,21696,21687,21690,3585,1,
,09:28:37,21696,21687,21687,3587,2,
,09:28:38,21696,21687,21689,3588,1,
,09:28:38,21696,21687,21692,3595,7,
,09:28:39,21696,21687,21691,3596,1,
,09:28:39,21696,21687,21690,3597,1,
,09:28:40,21696,21687,21690,3597,1,
,09:28:40,21696,21687,21690,3597,1,
,09:28:41,21696,21687,21690,3598,1,
,09:28:42,21696,21687,21692,3599,1,
,09:28:42,21696,21687,21692,3600,1,
,09:28:43,21696,21687,21692,3600,1,
,09:28:43,21696,21687,21694,3601,1,
,09:28:44,21696,21687,21695,3603,2,
,09:28:45,21696,21687,21695,3603,2,
,09:28:45,21696,21687,21695,3603,2,
,09:28:46,21696,21687,21693,3604,1,
,09:28:46,21696,21687,21693,3607,3,
,09:28:47,21696,21687,21693,3607,3,
,09:28:47,21696,21687,21690,3610,3,
,09:28:48,21696,21687,21690,3610,3,
,09:28:48,21696,21687,21689,3612,2,
,09:28:49,21696,21687,21689,3612,2,
,09:28:49,21696,21687,21691,3613,1,
,09:28:50,21696,21687,21691,3613,1,
,09:28:50,21696,21687,21692,3617,4,
,09:28:51,21696,21687,21692,3618,1,
,09:28:52,21696,21687,21694,3619,1,
,09:28:54,21696,21687,21694,3620,1,
,09:28:54,21696,21687,21694,3620,1,
,09:28:57,21696,21687,21694,3621,1,
,09:28:57,21696,21687,21693,3622,1,
,09:28:59,21696,21687,21693,3623,1,
,09:29:00,21693,21693,21693,3624,1,
,09:29:00,21693,21692,21692,3625,1,
,09:29:01,21693,21692,21692,3625,1,
,09:29:02,21693,21692,21692,3625,1,
,09:29:02,21693,21691,21693,3627,2,
,09:29:03,21693,21691,21693,3627,2,
,09:29:03,21693,21691,21691,3628,1,
,09:29:04,21693,21691,21691,3628,1,
,09:29:04,21693,21691,21691,3628,1,
,09:29:07,21693,21691,21692,3629,1,
,09:29:07,21693,21691,21691,3634,5,
,09:29:08,21693,21691,21691,3634,5,
,09:29:08,21693,21691,21692,3635,1,
,09:29:10,21693,21691,21693,3642,7,
,09:29:11,21693,21691,21692,3643,1,
,09:29:11,21693,21691,21692,3643,1,
,09:29:12,21693,21691,21692,3644,1,
,09:29:13,21693,21691,21692,3645,1,
,09:29:14,21693,21691,21692,3645,1,
,09:29:15,21693,21691,21692,3645,1,
,09:29:17,21693,21690,21690,3661,16,
,09:29:18,21693,21689,21689,3662,1,
,09:29:19,21693,21689,21689,3662,1,
,09:29:20,21693,21689,21689,3662,1,
,09:29:22,21693,21689,21689,3662,1,
,09:29:23,21693,21689,21690,3663,1,
,09:29:23,21693,21689,21692,3664,1,
,09:29:24,21693,21689,21691,3668,4,
,09:29:24,21693,21689,21691,3670,2,
,09:29:25,21693,21689,21691,3670,2,
,09:29:27,21693,21689,21692,3673,3,
,09:29:28,21693,21689,21692,3675,2,
,09:29:30,21693,21689,21692,3676,1,
,09:29:30,21693,21689,21691,3678,2,
,09:29:31,21693,21689,21691,3678,2,
,09:29:32,21693,21689,21691,3678,2,
,09:29:33,21694,21689,21694,3686,8,
,09:29:34,21694,21689,21692,3689,3,
,09:29:35,21694,21689,21692,3690,1,
,09:29:35,21694,21689,21692,3691,1,
,09:29:38,21694,21689,21691,3692,1,
,09:29:38,21694,21689,21692,3693,1,
,09:29:39,21694,21689,21692,3694,1,
,09:29:40,21694,21689,21692,3694,1,
,09:29:40,21694,21689,21694,3696,2,
,09:29:41,21694,21689,21694,3697,1,
,09:29:41,21695,21689,21695,3703,6,
,09:29:42,21695,21689,21695,3703,6,
,09:29:43,21696,21689,21696,3704,1,
,09:29:43,21696,21689,21693,3707,3,
,09:29:44,21696,21689,21693,3707,3,
,09:29:44,21696,21689,21693,3710,3,
,09:29:45,21696,21689,21692,3720,10,
,09:29:46,21696,21689,21695,3728,8,
,09:29:48,21696,21689,21695,3728,8,
,09:29:48,21696,21689,21692,3729,1,
,09:29:49,21696,21689,21692,3729,1,
,09:29:49,21696,21689,21692,3730,1,
,09:29:50,21696,21689,21692,3730,1,
,09:29:50,21696,21689,21692,3730,1,
,09:29:51,21696,21689,21693,3734,4,
,09:29:51,21696,21689,21694,3735,1,
,09:29:52,21696,21689,21693,3736,1,
,09:29:52,21696,21689,21695,3754,18,
,09:29:53,21696,21689,21695,3754,18,
,09:29:53,21696,21689,21696,3755,1,
,09:29:54,21696,21689,21695,3756,1,
,09:29:54,21696,21689,21695,3758,2,
,09:29:55,21696,21689,21695,3758,2,
,09:29:55,21696,21689,21695,3761,3,
,09:29:56,21696,21689,21695,3761,3,
,09:29:57,21696,21689,21695,3761,3,
,09:29:57,21696,21689,21695,3761,3,
,09:29:58,21697,21689,21697,3774,13,
,09:29:59,21697,21689,21697,3774,13,
,09:29:59,21700,21689,21699,3785,11,
,09:30:00,21699,21699,21699,3786,1,
,09:30:00,21702,21697,21697,3844,58,
,09:30:01,21702,21694,21695,3869,25,
,09:30:02,21702,21694,21697,3871,2,
,09:30:02,21702,21694,21698,3891,20,
,09:30:03,21702,21694,21698,3891,20,
,09:30:03,21702,21694,21698,3917,26,
,09:30:04,21702,21694,21700,3918,1,
,09:30:04,21702,21694,21696,3939,21,
,09:30:05,21702,21688,21688,3969,30,
,09:30:06,21702,21681,21681,3990,21,
,09:30:07,21702,21680,21680,3994,4,
,09:30:07,21702,21678,21678,4013,19,
,09:30:08,21702,21675,21676,4044,31,
,09:30:09,21702,21674,21677,4062,18,
,09:30:10,21702,21674,21676,4093,31,
,09:30:11,21702,21674,21676,4094,1,
,09:30:11,21702,21674,21675,4109,15,
,09:30:12,21702,21674,21675,4109,15,
,09:30:12,21702,21673,21673,4122,13,
,09:30:13,21702,21673,21673,4122,13,
,09:30:13,21702,21669,21669,4164,42,
,09:30:14,21702,21667,21669,4181,17,
,09:30:15,21702,21663,21663,4223,42,
,09:30:16,21702,21663,21663,4230,7,
,09:30:16,21702,21661,21662,4263,33,
,09:30:17,21702,21660,21663,4287,24,
,09:30:18,21702,21660,21665,4314,27,
,09:30:19,21702,21660,21665,4315,1,
,09:30:19,21702,21660,21671,4334,19,
,09:30:20,21702,21660,21670,4351,17,
,09:30:21,21702,21660,21670,4368,17,
,09:30:22,21702,21660,21670,4368,17,
,09:30:22,21702,21660,21668,4385,17,
,09:30:23,21702,21660,21667,4397,12,
,09:30:24,21702,21660,21667,4402,5,
,09:30:25,21702,21660,21667,4404,2,
,09:30:26,21702,21660,21668,4405,1,
,09:30:26,21702,21660,21669,4417,12,
,09:30:27,21702,21660,21667,4427,10,
,09:30:28,21702,21660,21666,4435,8,
,09:30:29,21702,21660,21666,4438,3,
,09:30:30,21702,21660,21668,4439,1,
,09:30:30,21702,21660,21668,4440,1,
,09:30:31,21702,21660,21673,4456,16,
,09:30:32,21702,21660,21674,4472,16,
,09:30:33,21702,21660,21673,4474,2,
,09:30:33,21702,21660,21671,4488,14,
,09:30:34,21702,21660,21671,4488,14,
,09:30:34,21702,21660,21668,4492,4,
,09:30:35,21702,21660,21668,4493,1,
,09:30:35,21702,21660,21668,4494,1,
,09:30:36,21702,21660,21668,4494,1,
,09:30:37,21702,21660,21666,4513,19,
,09:30:38,21702,21660,21666,4513,19,
,09:30:38,21702,21660,21666,4519,6,
,09:30:39,21702,21660,21668,4520,1,
,09:30:39,21702,21660,21668,4527,7,
,09:30:40,21702,21660,21668,4527,7,
,09:30:40,21702,21660,21667,4535,8,
,09:30:41,21702,21660,21667,4535,8,
,09:30:41,21702,21660,21668,4538,3,
,09:30:42,21702,21660,21670,4539,1,
,09:30:42,21702,21660,21671,4551,12,
,09:30:43,21702,21660,21670,4557,6,
,09:30:44,21702,21660,21668,4561,4,
,09:30:45,21702,21660,21672,4571,10,
,09:30:46,21702,21660,21672,4571,10,
,09:30:46,21702,21660,21672,4573,2,
,09:30:47,21702,21660,21672,4574,1,
,09:30:47,21702,21660,21672,4581,7,
,09:30:48,21702,21660,21673,4582,1,
,09:30:48,21702,21660,21673,4583,1,
,09:30:49,21702,21660,21673,4584,1,
,09:30:49,21702,21660,21671,4588,4,
,09:30:50,21702,21660,21673,4589,1,
,09:30:50,21702,21660,21671,4591,2,
,09:30:51,21702,21660,21671,4591,2,
,09:30:52,21702,21660,21671,4591,2,
,09:30:52,21702,21660,21669,4594,3,
,09:30:53,21702,21660,21668,4595,1,
,09:30:53,21702,21660,21667,4599,4,
,09:30:54,21702,21660,21666,4600,1,
,09:30:54,21702,21660,21665,4610,10,
,09:30:55,21702,21660,21665,4610,10,
,09:30:55,21702,21660,21667,4611,1,
,09:30:56,21702,21660,21665,4612,1,
,09:30:56,21702,21660,21667,4636,24,
,09:30:57,21702,21660,21667,4638,2,
,09:30:57,21702,21660,21670,4641,3,
,09:30:58,21702,21660,21669,4642,1,
,09:30:59,21702,21660,21669,4642,1,
,09:30:59,21702,21660,21671,4643,1,
,09:31:00,21671,21671,21671,4644,1,
,09:31:00,21671,21670,21670,4647,3,
,09:31:01,21671,21669,21669,4651,4,
,09:31:01,21671,21667,21668,4655,4,
,09:31:02,21671,21666,21667,4661,6,
,09:31:03,21671,21665,21665,4673,12,
,09:31:04,21671,21665,21665,4673,12,
,09:31:04,21671,21663,21663,4677,4,
,09:31:05,21671,21657,21657,4716,39,
,09:31:06,21671,21657,21657,4717,1,
,09:31:06,21671,21657,21663,4743,26,
,09:31:07,21671,21657,21661,4751,8,
,09:31:08,21671,21657,21664,4765,14,
,09:31:09,21671,21657,21667,4771,6,
,09:31:10,21671,21657,21664,4775,4,
,09:31:11,21671,21657,21664,4775,4,
,09:31:11,21671,21657,21665,4779,4,
,09:31:12,21671,21657,21665,4783,4,
,09:31:13,21671,21657,21665,4783,4,
,09:31:13,21671,21657,21667,4792,9,
,09:31:15,21671,21657,21667,4808,16,
,09:31:16,21671,21657,21667,4812,4,
,09:31:17,21671,21657,21668,4813,1,
,09:31:17,21671,21657,21667,4828,15,
,09:31:18,21671,21657,21669,4829,1,
,09:31:18,21672,21657,21670,4843,14,
,09:31:19,21672,21657,21670,4843,14,
,09:31:19,21674,21657,21673,4851,8,
,09:31:20,21674,21657,21671,4852,1,
,09:31:20,21674,21657,21672,4855,3,
,09:31:21,21674,21657,21673,4856,1,
,09:31:21,21674,21657,21674,4858,2,
,09:31:22,21674,21657,21674,4860,2,
,09:31:22,21674,21657,21673,4861,1,
,09:31:23,21676,21657,21676,4870,9,
,09:31:24,21676,21657,21676,4870,9,
,09:31:24,21678,21657,21676,4875,5,
,09:31:25,21678,21657,21673,4890,15,
,09:31:26,21678,21657,21672,4892,2,
,09:31:26,21678,21657,21671,4897,5,
,09:31:27,21678,21657,21669,4898,1,
,09:31:27,21678,21657,21672,4899,1,
,09:31:28,21678,21657,21671,4901,2,
,09:31:28,21678,21657,21669,4903,2,
,09:31:29,21678,21657,21669,4905,2,
,09:31:29,21678,21657,21669,4905,2,
,09:31:30,21678,21657,21671,4908,3,
,09:31:31,21678,21657,21671,4908,3,
,09:31:31,21678,21657,21668,4918,10,
,09:31:32,21678,21657,21668,4918,10,
,09:31:32,21678,21657,21668,4920,2,
,09:31:33,21678,21657,21669,4921,1,
,09:31:33,21678,21657,21668,4938,17,
,09:31:34,21678,21657,21668,4938,17,
,09:31:34,21678,21657,21668,4939,1,
,09:31:35,21678,21657,21668,4943,4,
,09:31:36,21678,21657,21669,4945,2,
,09:31:36,21678,21657,21669,4956,11,
,09:31:37,21678,21657,21671,4959,3,
,09:31:38,21678,21657,21671,4960,1,
,09:31:39,21678,21657,21670,4966,6,
,09:31:40,21678,21657,21670,4967,1,
,09:31:40,21678,21657,21670,4970,3,
,09:31:41,21678,21657,21670,4970,3,
,09:31:43,21678,21657,21673,4980,10,
,09:31:44,21678,21657,21673,4989,9,
,09:31:45,21678,21657,21673,4989,9,
,09:31:46,21678,21657,21669,5014,25,
,09:31:47,21678,21657,21670,5015,1,
,09:31:47,21678,21657,21674,5019,4,
,09:31:48,21678,21657,21674,5019,4,
,09:31:48,21678,21657,21675,5023,4,
,09:31:49,21678,21657,21676,5025,2,
,09:31:49,21678,21657,21677,5027,2,
,09:31:50,21679,21657,21679,5032,5,
,09:31:51,21679,21657,21679,5032,5,
,09:31:51,21679,21657,21678,5033,1,
,09:31:52,21683,21657,21681,5062,29,
,09:31:53,21683,21657,21681,5062,29,
,09:31:53,21685,21657,21683,5075,13,
,09:31:54,21685,21657,21683,5075,13,
,09:31:54,21687,21657,21687,5094,19,
,09:31:55,21687,21657,21687,5095,1,
,09:31:55,21690,21657,21687,5116,21,
,09:31:56,21690,21657,21685,5129,13,
,09:31:57,21690,21657,21686,5131,2,
,09:31:57,21690,21657,21685,5133,2,
,09:31:58,21690,21657,21685,5134,1,
,09:31:58,21690,21657,21683,5139,5,
,09:31:59,21690,21657,21682,5145,6,
,09:32:00,21682,21682,21682,5145,6,
,09:32:00,21689,21682,21689,5160,15,
,09:32:01,21689,21682,21689,5160,15,
,09:32:01,21689,21682,21688,5166,6,
,09:32:02,21689,21682,21687,5173,7,
,09:32:03,21689,21682,21687,5173,7,
,09:32:04,21689,21682,21687,5173,7,
,09:32:04,21689,21682,21685,5190,17,
,09:32:05,21689,21682,21685,5190,17,
,09:32:05,21689,21682,21685,5197,7,
,09:32:06,21689,21682,21685,5197,7,
,09:32:06,21689,21682,21686,5202,5,
,09:32:07,21689,21682,21686,5202,5,
,09:32:07,21689,21682,21686,5207,5,
,09:32:08,21689,21682,21686,5207,5,
,09:32:09,21689,21682,21686,5208,1,
,09:32:09,21689,21682,21688,5219,11,
,09:32:10,21689,21682,21688,5219,11,
,09:32:10,21689,21682,21688,5228,9,
,09:32:11,21689,21682,21688,5228,9,
,09:32:11,21690,21682,21689,5242,14,
,09:32:12,21690,21682,21690,5243,1,
,09:32:12,21692,21682,21688,5254,11,
,09:32:13,21692,21682,21688,5254,11,
,09:32:13,21692,21682,21686,5266,12,
,09:32:14,21692,21682,21686,5272,6,
,09:32:15,21692,21682,21684,5279,7,
,09:32:16,21692,21682,21685,5280,1,
,09:32:16,21692,21682,21685,5285,5,
,09:32:17,21692,21682,21686,5289,4,
,09:32:18,21692,21682,21687,5291,2,
,09:32:19,21692,21682,21687,5291,2,
,09:32:20,21692,21682,21685,5299,8,
,09:32:21,21692,21682,21683,5302,3,
,09:32:22,21692,21682,21683,5302,3,
,09:32:22,21692,21682,21682,5309,7,
,09:32:23,21692,21682,21682,5309,7,
,09:32:23,21692,21681,21683,5314,5,
,09:32:24,21692,21681,21683,5314,5,
,09:32:24,21692,21681,21683,5316,2,
,09:32:25,21692,21681,21683,5318,2,
,09:32:27,21692,21681,21687,5330,12,
,09:32:28,21692,21681,21687,5330,12,
,09:32:28,21692,21681,21689,5355,25,
,09:32:29,21692,21681,21689,5356,1,
,09:32:29,21692,21681,21689,5357,1,
,09:32:30,21692,21681,21687,5360,3,
,09:32:30,21692,21681,21686,5362,2,
,09:32:31,21692,21681,21687,5366,4,
,09:32:32,21692,21681,21686,5367,1,
,09:32:33,21692,21681,21686,5367,1,
,09:32:33,21692,21681,21686,5372,5,
,09:32:34,21692,21681,21686,5372,5,
,09:32:34,21692,21681,21686,5373,1,
,09:32:35,21692,21681,21686,5373,1,
,09:32:35,21692,21681,21685,5374,1,
,09:32:36,21692,21681,21685,5374,1,
,09:32:36,21692,21681,21688,5385,11,
,09:32:37,21692,21681,21688,5389,4,
,09:32:38,21692,21681,21688,5391,2,
,09:32:38,21692,21681,21688,5392,1,
,09:32:39,21692,21681,21688,5392,1,
,09:32:39,21692,21681,21688,5394,2,
,09:32:40,21692,21681,21688,5398,4,
,09:32:41,21692,21681,21688,5400,2,
,09:32:42,21692,21681,21687,5403,3,
,09:32:42,21692,21681,21687,5404,1,
,09:32:43,21692,21681,21688,5416,12,
,09:32:43,21692,21681,21689,5418,2,
,09:32:44,21692,21681,21690,5419,1,
,09:32:44,21692,21681,21692,5427,8,
,09:32:45,21692,21681,21692,5428,1,
,09:32:45,21692,21681,21692,5431,3,
,09:32:46,21694,21681,21692,5439,8,
,09:32:47,21694,21681,21694,5442,3,
,09:32:47,21698,21681,21698,5462,20,
,09:32:48,21701,21681,21700,5500,38,
,09:32:49,21701,21681,21701,5520,20,
,09:32:50,21701,21681,21699,5521,1,
,09:32:50,21702,21681,21702,5532,11,
,09:32:51,21702,21681,21702,5535,3,
,09:32:51,21703,21681,21702,5548,13,
,09:32:52,21710,21681,21710,5592,44,
,09:32:53,21715,21681,21715,5647,55,
,09:32:54,21717,21681,21715,5676,29,
,09:32:55,21717,21681,21714,5677,1,
,09:32:55,21717,21681,21717,5699,22,
,09:32:56,21718,21681,21716,5709,10,
,09:32:57,21718,21681,21716,5709,10,
,09:32:57,21718,21681,21716,5727,18,
,09:32:58,21718,21681,21711,5766,39,
,09:32:59,21718,21681,21712,5768,2,
,09:32:59,21718,21681,21714,5793,25,
,09:33:00,21715,21715,21715,5794,1,
,09:33:00,21720,21715,21720,5845,51,
,09:33:01,21724,21715,21722,5894,49,
,09:33:02,21724,21715,21723,5896,2,
,09:33:02,21731,21715,21729,5969,73,
,09:33:03,21732,21715,21731,6016,47,
,09:33:04,21732,21715,21730,6020,4,
,09:33:04,21738,21715,21735,6072,52,
,09:33:05,21738,21715,21735,6075,3,
,09:33:05,21741,21715,21738,6131,56,
,09:33:06,21741,21715,21735,6183,52,
,09:33:07,21741,21715,21741,6210,27,
,09:33:08,21744,21715,21736,6246,36,
,09:33:09,21744,21715,21737,6247,1,
,09:33:09,21744,21715,21742,6282,35,
,09:33:10,21745,21715,21743,6296,14,
,09:33:11,21746,21715,21741,6320,24,
,09:33:12,21746,21715,21746,6341,21,
,09:33:13,21746,21715,21743,6365,24,
,09:33:14,21746,21715,21742,6396,31,
,09:33:15,21746,21715,21742,6397,1,
,09:33:15,21746,21715,21743,6414,17,
,09:33:16,21746,21715,21742,6415,1,
,09:33:16,21746,21715,21740,6437,22,
,09:33:17,21746,21715,21742,6440,3,
,09:33:17,21746,21715,21740,6457,17,
,09:33:18,21746,21715,21740,6457,17,
,09:33:18,21746,21715,21740,6465,8,
,09:33:19,21746,21715,21743,6484,19,
,09:33:20,21746,21715,21742,6499,15,
,09:33:21,21748,21715,21746,6525,26,
,09:33:22,21753,21715,21750,6576,51,
,09:33:23,21753,21715,21742,6605,29,
,09:33:24,21753,21715,21744,6606,1,
,09:33:24,21753,21715,21751,6632,26,
,09:33:25,21753,21715,21753,6644,12,
,09:33:26,21753,21715,21753,6645,1,
,09:33:26,21754,21715,21754,6651,6,
,09:33:27,21755,21715,21755,6664,13,
,09:33:28,21756,21715,21748,6703,39,
,09:33:29,21756,21715,21748,6704,1,
,09:33:29,21756,21715,21746,6720,16,
,09:33:30,21756,21715,21747,6739,19,
,09:33:31,21756,21715,21750,6740,1,
,09:33:31,21756,21715,21751,6744,4,
,09:33:32,21756,21715,21753,6754,10,
,09:33:32,21756,21715,21756,6766,12,
,09:33:33,21756,21715,21756,6766,12,
,09:33:33,21756,21715,21752,6770,4,
,09:33:34,21756,21715,21752,6771,1,
,09:33:34,21756,21715,21750,6779,8,
,09:33:35,21756,21715,21752,6785,6,
,09:33:36,21756,21715,21752,6786,1,
,09:33:36,21757,21715,21755,6800,14,
,09:33:37,21757,21715,21755,6836,36,
,09:33:38,21757,21715,21757,6837,1,
,09:33:38,21757,21715,21755,6849,12,
,09:33:39,21757,21715,21754,6850,1,
,09:33:39,21757,21715,21750,6882,32,
,09:33:40,21757,21715,21748,6889,7,
,09:33:40,21757,21715,21751,6904,15,
,09:33:41,21757,21715,21751,6915,11,
,09:33:42,21757,21715,21750,6916,1,
,09:33:42,21757,21715,21749,6921,5,
,09:33:43,21757,21715,21751,6947,26,
,09:33:44,21757,21715,21751,6957,10,
,09:33:45,21757,21715,21751,6957,10,
,09:33:45,21757,21715,21753,6959,2,
,09:33:46,21757,21715,21753,6959,2,
,09:33:46,21757,21715,21753,6972,13,
,09:33:47,21757,21715,21756,6982,10,
,09:33:48,21757,21715,21756,6983,1,
,09:33:48,21758,21715,21756,7001,18,
,09:33:49,21758,21715,21754,7011,10,
,09:33:50,21758,21715,21754,7011,10,
,09:33:50,21758,21715,21752,7025,14,
,09:33:51,21758,21715,21751,7027,2,
,09:33:51,21758,21715,21756,7046,19,
,09:33:52,21758,21715,21756,7046,19,
,09:33:52,21758,21715,21756,7048,2,
,09:33:53,21758,21715,21755,7056,8,
,09:33:54,21758,21715,21758,7060,4,
,09:33:54,21762,21715,21761,7092,32,
,09:33:55,21762,21715,21762,7097,5,
,09:33:55,21764,21715,21763,7125,28,
,09:33:56,21764,21715,21763,7125,28,
,09:33:56,21770,21715,21765,7202,77,
,09:33:57,21770,21715,21761,7243,41,
,09:33:58,21770,21715,21761,7243,41,
,09:33:58,21770,21715,21760,7269,26,
,09:33:59,21770,21715,21760,7269,26,
,09:33:59,21770,21715,21760,7282,13,
,09:34:00,21760,21760,21760,7282,13,
,09:34:00,21761,21758,21758,7289,7,
,09:34:01,21761,21758,21758,7298,9,
,09:34:02,21761,21758,21758,7299,1,
,09:34:02,21761,21754,21755,7323,24,
,09:34:03,21761,21752,21754,7340,17,
,09:34:04,21761,21752,21754,7340,17,
,09:34:04,21761,21752,21754,7351,11,
,09:34:05,21761,21752,21754,7357,6,
,09:34:06,21761,21752,21754,7375,18,
,09:34:07,21761,21752,21754,7375,18,
,09:34:07,21761,21752,21756,7391,16,
,09:34:08,21761,21752,21755,7406,15,
,09:34:09,21761,21751,21753,7420,14,
,09:34:10,21761,21751,21752,7421,1,
,09:34:10,21761,21751,21751,7422,1,
,09:34:11,21761,21751,21752,7425,3,
,09:34:11,21761,21751,21752,7428,3,
,09:34:12,21761,21751,21754,7433,5,
,09:34:13,21761,21751,21755,7434,1,
,09:34:13,21761,21751,21755,7442,8,
,09:34:14,21761,21751,21755,7443,1,
,09:34:14,21761,21751,21756,7446,3,
,09:34:15,21761,21751,21756,7446,3,
,09:34:15,21761,21751,21756,7449,3,
,09:34:16,21761,21751,21756,7449,3,
,09:34:16,21761,21751,21756,7454,5,
,09:34:17,21761,21751,21756,7455,1,
,09:34:17,21761,21751,21755,7458,3,
,09:34:18,21761,21751,21756,7462,4,
,09:34:19,21761,21751,21757,7463,1,
,09:34:19,21761,21751,21758,7487,24,
,09:34:20,21761,21751,21758,7487,24,
,09:34:20,21761,21751,21757,7507,20,
,09:34:21,21761,21751,21757,7507,20,
,09:34:21,21761,21751,21759,7508,1,
,09:34:22,21761,21751,21760,7510,2,
,09:34:22,21761,21751,21755,7523,13,
,09:34:23,21761,21751,21757,7540,17,
,09:34:24,21761,21751,21757,7540,17,
,09:34:25,21761,21751,21757,7544,4,
,09:34:25,21761,21751,21758,7547,3,
,09:34:26,21761,21751,21756,7548,1,
,09:34:26,21761,21751,21759,7554,6,
,09:34:27,21761,21751,21758,7555,1,
,09:34:27,21761,21751,21760,7556,1,
,09:34:28,21761,21751,21760,7556,1,
,09:34:28,21761,21751,21758,7559,3,
,09:34:29,21761,21751,21758,7559,3,
,09:34:29,21761,21751,21760,7562,3,
,09:34:30,21761,21751,21759,7569,7,
,09:34:31,21761,21751,21759,7569,7,
,09:34:31,21761,21751,21761,7573,4,
,09:34:32,21761,21751,21758,7582,9,
,09:34:33,21761,21751,21758,7582,9,
,09:34:33,21761,21751,21752,7596,14,
,09:34:34,21761,21747,21749,7618,22,
,09:34:35,21761,21747,21751,7627,9,
,09:34:35,21761,21747,21753,7635,8,
,09:34:36,21761,21747,21753,7635,8,
,09:34:36,21761,21747,21755,7645,10,
,09:34:37,21761,21747,21756,7667,22,
,09:34:38,21761,21747,21756,7667,22,
,09:34:38,21761,21747,21759,7676,9,
,09:34:39,21761,21747,21760,7689,13,
,09:34:40,21761,21747,21760,7690,1,
,09:34:40,21762,21747,21762,7695,5,
,09:34:41,21762,21747,21759,7706,11,
,09:34:42,21762,21747,21760,7711,5,
,09:34:43,21762,21747,21762,7712,1,
,09:34:43,21762,21747,21756,7733,21,
,09:34:44,21762,21747,21756,7733,21,
,09:34:44,21762,21747,21756,7739,6,
,09:34:45,21762,21747,21755,7742,3,
,09:34:45,21762,21747,21754,7757,15,
,09:34:46,21762,21747,21754,7757,15,
,09:34:46,21762,21747,21752,7760,3,
,09:34:47,21762,21747,21754,7762,2,
,09:34:47,21762,21747,21753,7765,3,
,09:34:48,21762,21747,21753,7766,1,
,09:34:48,21762,21747,21755,7770,4,
,09:34:49,21762,21747,21757,7773,3,
,09:34:50,21762,21747,21756,7774,1,
,09:34:50,21762,21747,21758,7780,6,
,09:34:51,21762,21747,21759,7781,1,
,09:34:51,21762,21747,21759,7782,1,
,09:34:52,21762,21747,21759,7784,2,
,09:34:52,21762,21747,21760,7785,1,
,09:34:53,21762,21747,21758,7786,1,
,09:34:53,21762,21747,21761,7793,7,
,09:34:54,21762,21747,21761,7800,7,
,09:34:55,21762,21747,21761,7800,7,
,09:34:55,21762,21747,21762,7803,3,
,09:34:56,21762,21747,21762,7803,3,
,09:34:56,21763,21747,21763,7807,4,
,09:34:57,21763,21747,21760,7811,4,
,09:34:58,21763,21747,21758,7815,4,
,09:34:58,21763,21747,21758,7823,8,
,09:34:59,21763,21747,21758,7823,8,
,09:34:59,21763,21747,21755,7829,6,
,09:35:00,21755,21755,21755,7830,1,
,09:35:00,21756,21754,21756,7833,3,
,09:35:01,21763,21754,21762,7866,33,
,09:35:02,21763,21754,21763,7867,1,
,09:35:02,21764,21754,21764,7882,15,
,09:35:03,21764,21754,21762,7897,15,
,09:35:04,21764,21754,21764,7898,1,
,09:35:04,21764,21754,21762,7905,7,
,09:35:05,21764,21754,21762,7906,1,
,09:35:05,21766,21754,21766,7928,22,
,09:35:06,21766,21754,21766,7930,2,
,09:35:06,21772,21754,21770,7992,62,
,09:35:07,21772,21754,21772,7993,1,
,09:35:07,21772,21754,21768,8027,34,
,09:35:08,21772,21754,21770,8028,1,
,09:35:08,21772,21754,21770,8041,13,
,09:35:09,21772,21754,21768,8042,1,
,09:35:09,21772,21754,21763,8078,36,
,09:35:10,21772,21754,21762,8104,26,
,09:35:11,21772,21754,21765,8119,15,
,09:35:12,21772,21754,21765,8119,15,
,09:35:12,21772,21754,21766,8126,7,
,09:35:13,21772,21754,21768,8141,15,
,09:35:14,21772,21754,21768,8141,15,
,09:35:14,21772,21754,21766,8150,9,
,09:35:15,21772,21754,21766,8150,9,
,09:35:15,21772,21754,21764,8160,10,
,09:35:16,21772,21754,21766,8161,1,
,09:35:16,21772,21754,21763,8171,10,
,09:35:17,21772,21754,21763,8171,10,
,09:35:17,21772,21754,21763,8174,3,
,09:35:18,21772,21754,21765,8182,8,
,09:35:19,21772,21754,21764,8195,13,
,09:35:20,21772,21754,21764,8196,1,
,09:35:20,21772,21754,21765,8201,5,
,09:35:21,21772,21754,21765,8211,10,
,09:35:22,21772,21754,21765,8214,3,
,09:35:23,21772,21754,21765,8214,3,
,09:35:23,21772,21754,21766,8217,3,
,09:35:24,21772,21754,21763,8222,5,
,09:35:25,21772,21754,21763,8223,1,
,09:35:25,21772,21754,21765,8225,2,
,09:35:26,21772,21754,21763,8233,8,
,09:35:27,21772,21754,21763,8233,8,
,09:35:27,21772,21754,21763,8237,4,
,09:35:28,21772,21754,21763,8237,4,
,09:35:28,21772,21754,21765,8239,2,
,09:35:29,21772,21754,21763,8282,43,
,09:35:30,21772,21754,21763,8283,1,
,09:35:30,21772,21754,21760,8294,11,
,09:35:31,21772,21754,21760,8301,7,
,09:35:32,21772,21754,21760,8301,7,
,09:35:32,21772,21754,21763,8316,15,
,09:35:33,21772,21754,21763,8317,1,
,09:35:33,21772,21754,21763,8335,18,
,09:35:34,21772,21754,21762,8336,1,
,09:35:35,21772,21754,21761,8337,1,
,09:35:35,21772,21754,21762,8343,6,
,09:35:36,21772,21754,21769,8354,11,
,09:35:37,21772,21754,21768,8355,1,
,09:35:37,21772,21754,21771,8374,19,
,09:35:38,21772,21754,21770,8375,1,
,09:35:38,21779,21754,21779,8430,55,
,09:35:39,21781,21754,21780,8501,71,
,09:35:40,21782,21754,21781,8548,47,
,09:35:41,21782,21754,21782,8557,9,
,09:35:42,21783,21754,21782,8585,28,
,09:35:43,21783,21754,21782,8585,28,
,09:35:43,21784,21754,21783,8595,10,
,09:35:44,21784,21754,21783,8598,3,
,09:35:44,21785,21754,21785,8608,10,
,09:35:45,21785,21754,21785,8608,10,
,09:35:45,21785,21754,21778,8637,29,
,09:35:46,21785,21754,21778,8637,29,
,09:35:46,21785,21754,21782,8654,17,
,09:35:47,21785,21754,21783,8656,2,
,09:35:47,21786,21754,21784,8675,19,
,09:35:48,21786,21754,21784,8675,19,
,09:35:48,21786,21754,21780,8696,21,
,09:35:49,21786,21754,21780,8696,21,
,09:35:49,21786,21754,21781,8703,7,
,09:35:50,21786,21754,21781,8703,7,
,09:35:50,21786,21754,21776,8733,30,
,09:35:51,21786,21754,21775,8754,21,
,09:35:52,21786,21754,21774,8755,1,
,09:35:52,21786,21754,21776,8758,3,
,09:35:53,21786,21754,21775,8763,5,
,09:35:54,21786,21754,21775,8763,5,
,09:35:54,21786,21754,21775,8794,31,
,09:35:55,21786,21754,21775,8794,31,
,09:35:55,21786,21754,21774,8801,7,
,09:35:56,21786,21754,21774,8801,7,
,09:35:56,21786,21754,21775,8804,3,
,09:35:57,21786,21754,21773,8810,6,
,09:35:58,21786,21754,21771,8811,1,
,09:35:58,21786,21754,21772,8821,10,
,09:35:59,21786,21754,21772,8822,1,
,09:35:59,21786,21754,21774,8825,3,
,09:36:00,21773,21773,21773,8826,1,
,09:36:00,21775,21773,21774,8835,9,
,09:36:01,21775,21773,21774,8835,9,
,09:36:01,21775,21773,21773,8851,16,
,09:36:02,21775,21773,21773,8852,1,
,09:36:03,21775,21773,21773,8852,1,
,09:36:03,21775,21773,21773,8861,9,
,09:36:04,21775,21773,21773,8861,9,
,09:36:04,21775,21773,21775,8863,2,
,09:36:05,21775,21773,21775,8865,2,
,09:36:05,21777,21773,21776,8870,5,
,09:36:06,21777,21773,21776,8870,5,
,09:36:06,21779,21773,21779,8876,6,
,09:36:07,21779,21773,21778,8878,2,
,09:36:07,21780,21773,21780,8885,7,
,09:36:08,21780,21773,21780,8887,2,
,09:36:08,21782,21773,21782,8890,3,
,09:36:09,21782,21773,21781,8891,1,
,09:36:09,21782,21773,21779,8902,11,
,09:36:10,21782,21773,21778,8904,2,
,09:36:10,21782,21773,21778,8911,7,
,09:36:11,21782,21773,21780,8914,3,
,09:36:11,21785,21773,21785,8945,31,
,09:36:12,21785,21773,21785,8945,31,
,09:36:12,21787,21773,21787,8955,10,
,09:36:12,21787,21773,21785,8956,1,
,09:36:13,21787,21773,21785,8958,2,
,09:36:13,21787,21773,21787,8967,9,
,09:36:14,21787,21773,21787,8968,1,
,09:36:14,21787,21773,21780,8999,31,
,09:36:15,21787,21773,21780,9002,3,
,09:36:15,21787,21773,21778,9009,7,
,09:36:16,21787,21773,21777,9016,7,
,09:36:17,21787,21773,21777,9016,7,
,09:36:17,21787,21773,21780,9019,3,
,09:36:18,21787,21773,21780,9020,1,
,09:36:18,21787,21773,21782,9025,5,
,09:36:19,21787,21773,21780,9039,14,
,09:36:20,21787,21773,21781,9046,7,
,09:36:21,21787,21773,21781,9047,1,
,09:36:21,21787,21773,21782,9054,7,
,09:36:22,21787,21773,21781,9055,1,
,09:36:22,21787,21773,21777,9067,12,
,09:36:23,21787,21773,21776,9068,1,
,09:36:23,21787,21773,21776,9076,8,
,09:36:24,21787,21773,21775,9087,11,
,09:36:25,21787,21773,21777,9091,4,
,09:36:26,21787,21773,21779,9092,1,
,09:36:26,21787,21773,21782,9101,9,
,09:36:27,21787,21773,21781,9102,1,
,09:36:27,21787,21773,21781,9114,12,
,09:36:28,21787,21773,21781,9115,1,
,09:36:28,21787,21773,21781,9118,3,
,09:36:29,21787,21773,21779,9119,1,
,09:36:29,21787,21773,21779,9120,1,
,09:36:30,21787,21773,21780,9121,1,
,09:36:30,21787,21773,21778,9130,9,
,09:36:31,21787,21773,21777,9138,8,
,09:36:32,21787,21773,21777,9141,3,
,09:36:32,21787,21773,21777,9143,2,
,09:36:33,21787,21773,21776,9144,1,
,09:36:34,21787,21773,21776,9144,1,
,09:36:34,21787,21773,21777,9154,10,
,09:36:35,21787,21773,21777,9164,10,
,09:36:36,21787,21773,21778,9166,2,
,09:36:37,21787,21773,21777,9167,1,
,09:36:37,21787,21773,21774,9176,9,
,09:36:38,21787,21773,21774,9177,1,
,09:36:38,21787,21773,21774,9180,3,
,09:36:38,21787,21773,21774,9183,3,
,09:36:39,21787,21772,21772,9190,7,
,09:36:40,21787,21772,21772,9196,6,
,09:36:41,21787,21771,21772,9199,3,
,09:36:42,21787,21771,21772,9199,3,
,09:36:42,21787,21770,21771,9215,16,
,09:36:43,21787,21769,21769,9217,2,
,09:36:43,21787,21768,21768,9224,7,
,09:36:44,21787,21768,21768,9224,7,
,09:36:44,21787,21767,21770,9240,16,
,09:36:45,21787,21767,21768,9250,10,
,09:36:46,21787,21766,21769,9271,21,
,09:36:47,21787,21766,21769,9272,1,
,09:36:47,21787,21766,21769,9274,2,
,09:36:48,21787,21766,21770,9278,4,
,09:36:49,21787,21766,21770,9278,4,
,09:36:49,21787,21766,21771,9282,4,
,09:36:50,21787,21766,21767,9296,14,
,09:36:51,21787,21766,21767,9305,9,
,09:36:52,21787,21766,21766,9306,1,
,09:36:52,21787,21766,21767,9309,3,
,09:36:53,21787,21766,21766,9310,1,
,09:36:53,21787,21766,21768,9318,8,
,09:36:54,21787,21766,21768,9319,1,
,09:36:54,21787,21766,21768,9321,2,
,09:36:55,21787,21766,21768,9321,2,
,09:36:55,21787,21766,21768,9324,3,
,09:36:56,21787,21766,21767,9326,2,
,09:36:56,21787,21766,21768,9329,3,
,09:36:57,21787,21766,21767,9331,2,
,09:36:58,21787,21766,21769,9332,1,
,09:36:58,21787,21766,21769,9338,6,
,09:36:59,21787,21766,21771,9364,26,
,09:37:00,21771,21771,21771,9365,1,
,09:37:00,21772,21771,21772,9366,1,
,09:37:00,21773,21771,21771,9367,1,
,09:37:01,21773,21771,21773,9368,1,
,09:37:01,21773,21771,21773,9370,2,
,09:37:01,21773,21771,21771,9372,2,
,09:37:02,21773,21771,21773,9373,1,
,09:37:02,21773,21771,21773,9376,3,
,09:37:03,21775,21771,21775,9377,1,
,09:37:03,21775,21771,21772,9388,11,
,09:37:04,21775,21771,21772,9389,1,
,09:37:04,21775,21770,21771,9391,2,
,09:37:05,21775,21770,21770,9393,2,
,09:37:05,21775,21768,21768,9409,16,
,09:37:06,21775,21768,21768,9409,16,
,09:37:06,21775,21768,21768,9413,4,
,09:37:07,21775,21768,21770,9415,2,
,09:37:07,21775,21768,21769,9416,1,
,09:37:08,21775,21768,21769,9417,1,
,09:37:08,21775,21768,21769,9418,1,
,09:37:09,21775,21768,21769,9419,1,
,09:37:09,21775,21768,21771,9424,5,
,09:37:10,21775,21768,21771,9424,5,
,09:37:10,21775,21768,21772,9428,4,
,09:37:11,21775,21768,21771,9429,1,
,09:37:11,21775,21768,21771,9431,2,
,09:37:12,21775,21768,21771,9431,2,
,09:37:13,21775,21768,21770,9432,1,
,09:37:15,21775,21768,21770,9434,2,
,09:37:15,21775,21768,21771,9438,4,
,09:37:16,21775,21768,21771,9438,4,
,09:37:16,21775,21768,21772,9440,2,
,09:37:17,21775,21768,21771,9458,18,
,09:37:18,21775,21768,21775,9473,15,
,09:37:19,21775,21768,21775,9473,15,
,09:37:19,21775,21768,21773,9483,10,
,09:37:20,21775,21768,21772,9485,2,
,09:37:20,21775,21768,21771,9486,1,
,09:37:21,21775,21768,21771,9487,1,
,09:37:21,21775,21768,21769,9491,4,
,09:37:22,21775,21768,21769,9491,4,
,09:37:22,21775,21768,21771,9497,6,
,09:37:23,21775,21768,21771,9498,1,
,09:37:23,21775,21768,21770,9501,3,
,09:37:24,21775,21768,21770,9501,3,
,09:37:24,21775,21768,21772,9508,7,
,09:37:25,21775,21768,21771,9509,1,
,09:37:25,21775,21768,21771,9510,1,
,09:37:26,21775,21768,21769,9514,4,
,09:37:27,21775,21768,21769,9515,1,
,09:37:27,21775,21768,21769,9519,4,
,09:37:28,21775,21768,21768,9520,1,
,09:37:28,21775,21768,21768,9521,1,
,09:37:29,21775,21767,21767,9530,9,
,09:37:30,21775,21766,21766,9536,6,
,09:37:30,21775,21766,21769,9543,7,
,09:37:31,21775,21766,21769,9546,3,
,09:37:31,21775,21766,21770,9554,8,
,09:37:32,21775,21766,21768,9555,1,
,09:37:32,21775,21766,21769,9556,1,
,09:37:33,21775,21766,21768,9558,2,
,09:37:34,21775,21766,21769,9559,1,
,09:37:34,21775,21766,21769,9561,2,
,09:37:35,21775,21766,21768,9564,3,
,09:37:36,21775,21766,21766,9576,12,
,09:37:37,21775,21766,21766,9579,3,
,09:37:37,21775,21765,21768,9592,13,
,09:37:38,21775,21765,21767,9593,1,
,09:37:38,21775,21765,21768,9595,2,
,09:37:39,21775,21765,21768,9605,10,
,09:37:40,21775,21765,21769,9607,2,
,09:37:41,21775,21765,21772,9619,12,
,09:37:42,21775,21765,21772,9621,2,
,09:37:43,21775,21765,21771,9623,2,
,09:37:44,21775,21765,21770,9629,6,
,09:37:45,21775,21765,21770,9629,6,
,09:37:45,21775,21765,21770,9629,6,
,09:37:46,21775,21765,21770,9630,1,
,09:37:46,21775,21765,21768,9638,8,
,09:37:46,21775,21765,21768,9639,1,
,09:37:47,21775,21765,21767,9640,1,
,09:37:47,21775,21765,21768,9641,1,
,09:37:48,21775,21765,21768,9643,2,
,09:37:48,21775,21765,21771,9648,5,
,09:37:49,21775,21765,21772,9650,2,
,09:37:50,21775,21765,21772,9650,2,
,09:37:50,21776,21765,21776,9676,26,
,09:37:51,21776,21765,21776,9676,26,
,09:37:51,21777,21765,21776,9686,10,
,09:37:52,21777,21765,21772,9690,4,
,09:37:53,21777,21765,21772,9690,4,
,09:37:53,21777,21765,21771,9695,5,
,09:37:54,21777,21765,21772,9696,1,
,09:37:54,21777,21765,21772,9709,13,
,09:37:56,21777,21765,21772,9709,13,
,09:37:56,21777,21765,21772,9709,13,
,09:37:57,21777,21765,21772,9709,13,
,09:37:58,21777,21765,21772,9709,13,
,09:37:58,21777,21765,21771,9714,5,
,09:37:59,21777,21765,21772,9715,1,
,09:38:00,21774,21774,21774,9716,1,
,09:38:00,21774,21774,21774,9719,3,
,09:38:01,21774,21774,21774,9719,3,
,09:38:01,21775,21774,21775,9720,1,
,09:38:02,21775,21774,21775,9720,1,
,09:38:02,21779,21774,21779,9730,10,
,09:38:03,21779,21774,21779,9730,10,
,09:38:03,21779,21774,21777,9741,11,
,09:38:04,21779,21774,21776,9742,1,
,09:38:04,21779,21774,21777,9748,6,
,09:38:05,21779,21774,21777,9750,2,
,09:38:05,21779,21774,21778,9754,4,
,09:38:06,21779,21774,21778,9755,1,
,09:38:06,21779,21774,21778,9758,3,
,09:38:07,21779,21774,21775,9762,4,
,09:38:08,21779,21774,21775,9762,4,
,09:38:09,21779,21774,21775,9764,2,
,09:38:09,21779,21774,21777,9772,8,
,09:38:11,21779,21774,21777,9773,1,
,09:38:11,21779,21774,21779,9778,5,
,09:38:12,21779,21774,21777,9781,3,
,09:38:13,21779,21774,21777,9781,3,
,09:38:13,21779,21774,21779,9791,10,
,09:38:14,21779,21774,21779,9791,10,
,09:38:14,21779,21774,21777,9796,5,
,09:38:15,21779,21774,21777,9796,5,
,09:38:15,21779,21774,21777,9798,2,
,09:38:16,21779,21774,21777,9798,2,
,09:38:16,21779,21774,21777,9799,1,
,09:38:18,21779,21774,21778,9800,1,
,09:38:18,21779,21774,21778,9805,5,
,09:38:19,21779,21774,21779,9806,1,
,09:38:19,21779,21774,21779,9811,5,
,09:38:20,21779,21774,21779,9811,5,
,09:38:20,21779,21774,21778,9812,1,
,09:38:21,21779,21774,21778,9812,1,
,09:38:21,21781,21774,21780,9846,34,
,09:38:22,21781,21774,21780,9847,1,
,09:38:22,21781,21774,21780,9852,5,
,09:38:23,21781,21774,21781,9853,1,
,09:38:23,21782,21774,21781,9855,2,
,09:38:24,21782,21774,21781,9859,4,
,09:38:25,21782,21774,21782,9861,2,
,09:38:25,21786,21774,21785,9887,26,
,09:38:26,21786,21774,21785,9890,3,
,09:38:26,21788,21774,21787,9910,20,
,09:38:27,21788,21774,21786,9912,2,
,09:38:27,21790,21774,21788,9928,16,
,09:38:28,21790,21774,21788,9928,16,
,09:38:28,21790,21774,21788,9961,33,
,09:38:29,21791,21774,21790,10030,69,
,09:38:30,21791,21774,21791,10041,11,
,09:38:31,21791,21774,21789,10066,25,
,09:38:32,21791,21774,21786,10082,16,
,09:38:33,21791,21774,21786,10082,16,
,09:38:33,21791,21774,21784,10099,17,
,09:38:34,21791,21774,21783,10100,1,
,09:38:34,21791,21774,21783,10115,15,
,09:38:35,21791,21774,21782,10116,1,
,09:38:35,21791,21774,21782,10124,8,
,09:38:36,21791,21774,21782,10125,1,
,09:38:36,21791,21774,21783,10133,8,
,09:38:37,21791,21774,21783,10133,8,
,09:38:37,21791,21774,21788,10149,16,
,09:38:38,21791,21774,21788,10150,1,
,09:38:38,21791,21774,21788,10153,3,
,09:38:39,21791,21774,21784,10166,13,
,09:38:39,21791,21774,21782,10167,1,
,09:38:40,21791,21774,21784,10168,1,
,09:38:40,21791,21774,21781,10177,9,
,09:38:41,21791,21774,21780,10183,6,
,09:38:42,21791,21774,21780,10183,6,
,09:38:42,21791,21774,21778,10189,6,
,09:38:43,21791,21774,21780,10200,11,
,09:38:44,21791,21774,21781,10208,8,
,09:38:45,21791,21774,21781,10208,8,
,09:38:45,21791,21774,21780,10213,5,
,09:38:46,21791,21774,21781,10214,1,
,09:38:46,21791,21774,21781,10223,9,
,09:38:47,21791,21774,21781,10225,2,
,09:38:47,21791,21774,21778,10228,3,
,09:38:48,21791,21774,21778,10240,12,
,09:38:49,21791,21774,21778,10240,12,
,09:38:49,21791,21774,21781,10252,12,
,09:38:50,21791,21774,21781,10252,12,
,09:38:50,21791,21774,21782,10253,1,
,09:38:51,21791,21774,21781,10254,1,
,09:38:51,21791,21774,21780,10268,14,
,09:38:52,21791,21774,21779,10273,5,
,09:38:53,21791,21774,21782,10285,12,
,09:38:54,21791,21774,21782,10285,12,
,09:38:54,21791,21774,21782,10287,2,
,09:38:55,21791,21774,21782,10287,2,
,09:38:55,21791,21774,21782,10288,1,
,09:38:56,21791,21774,21782,10288,1,
,09:38:57,21791,21774,21782,10297,9,
,09:38:58,21791,21774,21783,10299,2,
,09:38:58,21791,21774,21786,10303,4,
,09:38:59,21791,21774,21785,10306,3,
,09:38:59,21791,21774,21783,10315,9,
,09:39:00,21783,21783,21783,10315,9,
,09:39:00,21783,21781,21781,10319,4,
,09:39:00,21783,21780,21780,10320,1,
,09:39:01,21783,21780,21780,10321,1,
,09:39:01,21783,21778,21779,10334,13,
,09:39:02,21783,21778,21779,10342,8,
,09:39:03,21783,21778,21779,10342,8,
,09:39:03,21783,21778,21778,10344,2,
,09:39:04,21783,21773,21776,10368,24,
,09:39:05,21783,21773,21775,10375,7,
,09:39:06,21783,21772,21772,10385,10,
,09:39:07,21783,21772,21772,10389,4,
,09:39:07,21783,21768,21769,10402,13,
,09:39:08,21783,21767,21767,10417,15,
,09:39:08,21783,21766,21769,10434,17,
,09:39:09,21783,21766,21770,10435,1,
,09:39:09,21783,21766,21770,10445,10,
,09:39:10,21783,21766,21770,10446,1,
,09:39:10,21783,21766,21773,10468,22,
,09:39:11,21783,21766,21775,10472,4,
,09:39:12,21783,21766,21776,10473,1,
,09:39:12,21783,21766,21774,10478,5,
,09:39:13,21783,21766,21774,10480,2,
,09:39:13,21783,21766,21773,10481,1,
,09:39:14,21783,21766,21773,10483,2,
,09:39:15,21783,21766,21772,10484,1,
,09:39:15,21783,21766,21770,10490,6,
,09:39:16,21783,21766,21771,10499,9,
,09:39:17,21783,21766,21771,10501,2,
,09:39:17,21783,21766,21773,10506,5,
,09:39:18,21783,21766,21773,10506,5,
,09:39:18,21783,21766,21774,10508,2,
,09:39:19,21783,21766,21774,10510,2,
,09:39:19,21783,21766,21773,10511,1,
,09:39:20,21783,21766,21773,10516,5,
,09:39:21,21783,21766,21773,10517,1,
,09:39:21,21783,21766,21771,10522,5,
,09:39:22,21783,21766,21771,10523,1,
,09:39:22,21783,21766,21771,10525,2,
,09:39:23,21783,21766,21771,10525,2,
,09:39:23,21783,21766,21772,10531,6,
,09:39:24,21783,21766,21772,10531,6,
,09:39:24,21783,21766,21772,10535,4,
,09:39:25,21783,21766,21772,10536,1,
,09:39:26,21783,21766,21772,10537,1,
,09:39:26,21783,21766,21772,10538,1,
,09:39:27,21783,21766,21771,10539,1,
,09:39:27,21783,21766,21771,10540,1,
,09:39:28,21783,21766,21771,10555,15,
,09:39:29,21783,21766,21772,10557,2,
,09:39:29,21783,21766,21772,10558,1,
,09:39:30,21783,21766,21772,10558,1,
,09:39:30,21783,21766,21773,10560,2,
,09:39:31,21783,21766,21773,10560,2,
,09:39:31,21783,21766,21773,10563,3,
,09:39:32,21783,21766,21773,10565,2,
,09:39:32,21783,21766,21772,10567,2,
,09:39:33,21783,21766,21772,10567,2,
,09:39:34,21783,21766,21775,10574,7,
,09:39:34,21783,21766,21776,10593,19,
,09:39:35,21783,21766,21776,10594,1,
,09:39:35,21783,21766,21774,10599,5,
,09:39:36,21783,21766,21773,10600,1,
,09:39:37,21783,21766,21774,10601,1,
,09:39:37,21783,21766,21770,10604,3,
,09:39:38,21783,21766,21770,10604,3,
,09:39:39,21783,21766,21770,10605,1,
,09:39:39,21783,21766,21770,10605,1,
,09:39:41,21783,21766,21772,10610,5,
,09:39:42,21783,21766,21772,10610,5,
,09:39:42,21783,21766,21772,10613,3,
,09:39:43,21783,21766,21773,10616,3,
,09:39:43,21783,21766,21774,10617,1,
,09:39:44,21783,21766,21776,10620,3,
,09:39:45,21783,21766,21776,10624,4,
,09:39:46,21783,21766,21775,10625,1,
,09:39:46,21783,21766,21774,10627,2,
,09:39:47,21783,21766,21774,10627,2,
,09:39:48,21783,21766,21774,10627,2,
,09:39:49,21783,21766,21772,10631,4,
,09:39:50,21783,21766,21772,10631,4,
,09:39:50,21783,21766,21771,10632,1,
,09:39:51,21783,21766,21771,10632,1,
,09:39:51,21783,21766,21774,10648,16,
,09:39:52,21783,21766,21775,10655,7,
,09:39:53,21783,21766,21775,10655,7,
,09:39:53,21783,21766,21772,10656,1,
,09:39:54,21783,21766,21772,10661,5,
,09:39:55,21783,21766,21773,10662,1,
,09:39:55,21783,21766,21774,10666,4,
,09:39:56,21783,21766,21774,10666,4,
,09:39:56,21783,21766,21776,10673,7,
,09:39:57,21783,21766,21775,10683,10,
,09:39:57,21783,21766,21774,10690,7,
,09:39:58,21783,21766,21777,10696,6,
,09:39:59,21783,21766,21777,10696,6,
,09:39:59,21783,21766,21777,10714,18,
,09:40:00,21778,21778,21778,10716,2,
,09:40:00,21782,21777,21781,10740,24,
,09:40:01,21782,21777,21781,10740,24,
,09:40:01,21782,21777,21782,10746,6,
,09:40:02,21783,21777,21783,10750,4,
,09:40:03,21783,21777,21783,10765,15,
,09:40:04,21783,21777,21783,10766,1,
,09:40:04,21784,21777,21784,10770,4,
,09:40:05,21784,21777,21783,10771,1,
,09:40:05,21785,21777,21781,10823,52,
,09:40:06,21785,21777,21781,10825,2,
,09:40:06,21785,21777,21784,10832,7,
,09:40:07,21785,21777,21784,10832,7,
,09:40:07,21787,21777,21785,10840,8,
,09:40:08,21787,21777,21784,10841,1,
,09:40:08,21787,21777,21783,10845,4,
,09:40:09,21787,21777,21783,10845,4,
,09:40:09,21787,21777,21782,10851,6,
,09:40:10,21787,21777,21782,10851,6,
,09:40:10,21787,21777,21780,10872,21,
,09:40:11,21787,21777,21780,10872,21,
,09:40:11,21787,21777,21779,10875,3,
,09:40:12,21787,21777,21779,10875,3,
,09:40:12,21787,21777,21778,10876,1,
,09:40:13,21787,21777,21778,10878,2,
,09:40:13,21787,21777,21779,10886,8,
,09:40:14,21787,21777,21779,10887,1,
,09:40:15,21787,21777,21780,10888,1,
,09:40:15,21787,21777,21781,10891,3,
,09:40:16,21787,21777,21781,10891,3,
,09:40:16,21787,21777,21783,10892,1,
,09:40:17,21787,21777,21782,10893,1,
,09:40:18,21787,21777,21782,10896,3,
,09:40:18,21787,21777,21780,10931,35,
,09:40:19,21787,21777,21780,10931,35,
,09:40:19,21787,21777,21778,10933,2,
,09:40:20,21787,21777,21777,10934,1,
,09:40:20,21787,21777,21778,10943,9,
,09:40:21,21787,21777,21778,10943,9,
,09:40:21,21787,21777,21777,10945,2,
,09:40:22,21787,21777,21778,10947,2,
,09:40:22,21787,21777,21777,10951,4,
,09:40:23,21787,21777,21778,10954,3,
,09:40:24,21787,21774,21774,10967,13,
,09:40:25,21787,21774,21775,10973,6,
,09:40:26,21787,21774,21775,10973,6,
,09:40:27,21787,21774,21775,10975,2,
,09:40:27,21787,21774,21779,10985,10,
,09:40:28,21787,21774,21778,10987,2,
,09:40:28,21787,21774,21775,10989,2,
,09:40:29,21787,21774,21775,11001,12,
,09:40:31,21787,21774,21776,11008,7,
,09:40:32,21787,21774,21777,11013,5,
,09:40:33,21787,21774,21777,11015,2,
,09:40:33,21787,21774,21776,11019,4,
,09:40:34,21787,21774,21776,11019,4,
,09:40:34,21787,21774,21779,11031,12,
,09:40:36,21787,21774,21779,11031,12,
,09:40:36,21787,21774,21780,11039,8,
,09:40:37,21787,21774,21782,11047,8,
,09:40:38,21787,21774,21783,11058,11,
,09:40:39,21787,21774,21783,11062,4,
,09:40:39,21787,21774,21785,11064,2,
,09:40:40,21787,21774,21782,11065,1,
,09:40:40,21787,21774,21781,11077,12,
,09:40:41,21787,21774,21780,11089,12,
,09:40:42,21787,21774,21782,11090,1,
,09:40:42,21787,21774,21782,11093,3,
,09:40:43,21787,21774,21782,11094,1,
,09:40:43,21787,21774,21782,11104,10,
,09:40:44,21787,21774,21782,11105,1,
,09:40:44,21787,21774,21782,11111,6,
,09:40:45,21787,21774,21781,11116,5,
,09:40:45,21787,21774,21783,11119,3,
,09:40:46,21787,21774,21783,11119,3,
,09:40:46,21787,21774,21786,11146,27,
,09:40:47,21787,21774,21786,11147,1,
,09:40:47,21788,21774,21788,11158,11,
,09:40:48,21788,21774,21784,11173,15,
,09:40:49,21788,21774,21784,11173,15,
,09:40:50,21788,21774,21783,11180,7,
,09:40:50,21788,21774,21784,11182,2,
,09:40:51,21788,21774,21786,11187,5,
,09:40:52,21788,21774,21787,11188,1,
,09:40:52,21788,21774,21788,11191,3,
,09:40:53,21788,21774,21787,11192,1,
,09:40:53,21788,21774,21787,11201,9,
,09:40:54,21788,21774,21787,11201,9,
,09:40:54,21788,21774,21787,11204,3,
,09:40:55,21788,21774,21786,11215,11,
,09:40:56,21788,21774,21784,11223,8,
,09:40:57,21788,21774,21783,11224,1,
,09:40:57,21788,21774,21784,11231,7,
,09:40:58,21788,21774,21784,11231,7,
,09:40:58,21788,21774,21781,11236,5,
,09:40:59,21788,21774,21781,11236,5,
,09:40:59,21788,21774,21783,11239,3,
,09:41:00,21784,21784,21784,11240,1,
,09:41:00,21787,21783,21787,11251,11,
,09:41:01,21790,21783,21789,11290,39,
,09:41:02,21790,21783,21789,11291,1,
,09:41:02,21795,21783,21794,11346,55,
,09:41:03,21796,21783,21794,11380,34,
,09:41:04,21796,21783,21791,11393,13,
,09:41:05,21796,21783,21786,11410,17,
,09:41:06,21796,21783,21786,11410,17,
,09:41:06,21796,21783,21786,11413,3,
,09:41:07,21796,21783,21787,11414,1,
,09:41:07,21796,21783,21789,11416,2,
,09:41:08,21796,21783,21788,11421,5,
,09:41:09,21796,21783,21788,11421,5,
,09:41:09,21796,21783,21788,11422,1,
,09:41:10,21796,21783,21788,11423,1,
,09:41:10,21796,21783,21788,11428,5,
,09:41:11,21796,21783,21791,11438,10,
,09:41:12,21796,21783,21791,11439,1,
,09:41:12,21796,21783,21792,11440,1,
,09:41:13,21796,21783,21792,11441,1,
,09:41:13,21796,21783,21791,11447,6,
,09:41:14,21796,21783,21790,11448,1,
,09:41:14,21796,21783,21786,11467,19,
,09:41:15,21796,21783,21786,11467,19,
,09:41:15,21796,21783,21788,11472,5,
,09:41:16,21796,21783,21787,11475,3,
,09:41:17,21796,21783,21787,11475,3,
,09:41:17,21796,21783,21788,11483,8,
,09:41:18,21796,21783,21789,11486,3,
,09:41:19,21796,21783,21788,11489,3,
,09:41:19,21796,21783,21789,11491,2,
,09:41:20,21796,21783,21789,11492,1,
,09:41:21,21796,21783,21788,11493,1,
,09:41:22,21796,21783,21790,11494,1,
,09:41:22,21796,21783,21788,11495,1,
,09:41:23,21796,21783,21790,11496,1,
,09:41:23,21796,21783,21787,11501,5,
,09:41:24,21796,21783,21787,11506,5,
,09:41:25,21796,21783,21787,11507,1,
,09:41:25,21796,21783,21785,11514,7,
,09:41:26,21796,21783,21785,11514,7,
,09:41:27,21796,21783,21785,11514,7,
,09:41:27,21796,21783,21784,11531,17,
,09:41:28,21796,21783,21785,11533,2,
,09:41:28,21796,21783,21784,11547,14,
,09:41:29,21796,21783,21784,11547,14,
,09:41:29,21796,21783,21784,11557,10,
,09:41:30,21796,21783,21783,11565,8,
,09:41:31,21796,21782,21782,11572,7,
,09:41:32,21796,21778,21778,11594,22,
,09:41:33,21796,21778,21778,11594,22,
,09:41:33,21796,21777,21779,11600,6,
,09:41:34,21796,21777,21778,11601,1,
,09:41:34,21796,21776,21779,11618,17,
,09:41:35,21796,21776,21781,11632,14,
,09:41:36,21796,21776,21782,11644,12,
,09:41:37,21796,21776,21783,11647,3,
,09:41:38,21796,21776,21783,11647,3,
,09:41:38,21796,21776,21782,11651,4,
,09:41:39,21796,21776,21781,11652,1,
,09:41:39,21796,21776,21780,11656,4,
,09:41:40,21796,21776,21780,11656,4,
,09:41:40,21796,21776,21779,11661,5,
,09:41:41,21796,21776,21779,11661,5,
,09:41:41,21796,21776,21778,11663,2,
,09:41:42,21796,21776,21778,11663,2,
,09:41:42,21796,21776,21778,11668,5,
,09:41:43,21796,21776,21778,11668,5,
,09:41:43,21796,21775,21776,11681,13,
,09:41:44,21796,21775,21776,11681,13,
,09:41:44,21796,21774,21774,11688,7,
,09:41:45,21796,21774,21774,11688,7,
,09:41:45,21796,21774,21776,11693,5,
,09:41:46,21796,21774,21776,11693,5,
,09:41:46,21796,21774,21775,11696,3,
,09:41:47,21796,21774,21774,11697,1,
,09:41:47,21796,21774,21774,11699,2,
,09:41:48,21796,21774,21776,11706,7,
,09:41:49,21796,21774,21776,11706,7,
,09:41:49,21796,21774,21779,11707,1,
,09:41:50,21796,21774,21778,11708,1,
,09:41:50,21796,21774,21779,11710,2,
,09:41:51,21796,21774,21779,11710,2,
,09:41:51,21796,21774,21780,11719,9,
,09:41:52,21796,21774,21780,11728,9,
,09:41:53,21796,21774,21781,11739,11,
,09:41:54,21796,21774,21783,11767,28,
,09:41:54,21796,21774,21782,11768,1,
,09:41:55,21796,21774,21782,11768,1,
,09:41:55,21796,21774,21784,11779,11,
,09:41:56,21796,21774,21784,11779,11,
,09:41:56,21796,21774,21787,11784,5,
,09:41:57,21796,21774,21787,11784,5,
,09:41:57,21796,21774,21787,11786,2,
,09:41:58,21796,21774,21786,11790,4,
,09:41:58,21796,21774,21786,11791,1,
,09:41:59,21796,21774,21786,11793,2,
,09:41:59,21796,21774,21786,11794,1,
,09:42:00,21786,21786,21786,11794,1,
,09:42:00,21786,21785,21785,11804,10,
,09:42:01,21786,21785,21785,11804,10,
,09:42:01,21786,21784,21784,11808,4,
,09:42:02,21786,21784,21784,11809,1,
,09:42:02,21786,21783,21783,11812,3,
,09:42:03,21786,21783,21783,11812,3,
,09:42:03,21786,21779,21779,11817,5,
,09:42:04,21786,21779,21779,11817,5,
,09:42:04,21786,21779,21780,11824,7,
,09:42:05,21786,21779,21782,11839,15,
,09:42:06,21786,21779,21780,11850,11,
,09:42:07,21786,21779,21780,11850,11,
,09:42:07,21786,21779,21780,11857,7,
,09:42:08,21786,21779,21780,11857,7,
,09:42:08,21786,21778,21778,11863,6,
,09:42:09,21786,21778,21778,11864,1,
,09:42:09,21786,21777,21778,11874,10,
,09:42:10,21786,21777,21778,11874,10,
,09:42:10,21786,21777,21779,11882,8,
,09:42:11,21786,21777,21780,11885,3,
,09:42:12,21786,21777,21780,11885,3,
,09:42:12,21786,21777,21778,11886,1,
,09:42:13,21786,21777,21777,11891,5,
,09:42:14,21786,21776,21776,11898,7,
,09:42:15,21786,21776,21779,11900,2,
,09:42:15,21786,21776,21779,11902,2,
,09:42:16,21786,21776,21779,11902,2,
,09:42:16,21786,21776,21780,11911,9,
,09:42:17,21786,21776,21780,11911,9,
,09:42:17,21786,21776,21779,11914,3,
,09:42:18,21786,21776,21782,11922,8,
,09:42:19,21786,21776,21783,11930,8,
,09:42:20,21786,21776,21782,11931,1,
,09:42:20,21786,21776,21781,11935,4,
,09:42:21,21786,21776,21781,11935,4,
,09:42:21,21786,21776,21781,11938,3,
,09:42:22,21786,21776,21781,11938,3,
,09:42:23,21786,21776,21781,11938,3,
,09:42:23,21786,21776,21781,11939,1,
,09:42:24,21786,21776,21778,11946,7,
,09:42:25,21786,21776,21778,11947,1,
,09:42:26,21786,21776,21777,11950,3,
,09:42:27,21786,21776,21777,11952,2,
,09:42:28,21786,21776,21777,11955,3,
,09:42:29,21786,21776,21776,11956,1,
,09:42:29,21786,21776,21778,11957,1,
,09:42:30,21786,21776,21778,11959,2,
,09:42:31,21786,21776,21778,11959,2,
,09:42:32,21786,21776,21779,11968,9,
,09:42:33,21786,21776,21779,11974,6,
,09:42:34,21786,21776,21776,11979,5,
,09:42:35,21786,21774,21774,11985,6,
,09:42:36,21786,21774,21774,11985,6,
,09:42:37,21786,21774,21774,11985,6,
,09:42:37,21786,21774,21775,11990,5,
,09:42:38,21786,21774,21775,11990,5,
,09:42:38,21786,21774,21775,11998,8,
,09:42:39,21786,21774,21775,11998,8,
,09:42:39,21786,21774,21775,12001,3,
,09:42:41,21786,21773,21774,12014,13,
,09:42:42,21786,21770,21770,12038,24,
,09:42:43,21786,21769,21769,12058,20,
,09:42:43,21786,21768,21769,12070,12,
,09:42:44,21786,21768,21769,12083,13,
,09:42:45,21786,21768,21771,12112,29,
,09:42:46,21786,21768,21772,12113,1,
,09:42:46,21786,21768,21772,12122,9,
,09:42:47,21786,21768,21771,12123,1,
,09:42:48,21786,21768,21770,12139,16,
,09:42:49,21786,21766,21768,12154,15,
,09:42:50,21786,21766,21769,12156,2,
,09:42:50,21786,21766,21770,12176,20,
,09:42:51,21786,21766,21769,12188,12,
,09:42:52,21786,21766,21769,12188,12,
,09:42:52,21786,21766,21770,12192,4,
,09:42:53,21786,21766,21770,12192,4,
,09:42:53,21786,21766,21768,12203,11,
,09:42:54,21786,21766,21767,12206,3,
,09:42:55,21786,21766,21767,12220,14,
,09:42:56,21786,21766,21767,12221,1,
,09:42:56,21786,21766,21769,12231,10,
,09:42:57,21786,21766,21770,12232,1,
,09:42:57,21786,21766,21769,12233,1,
,09:42:58,21786,21766,21771,12251,18,
,09:42:59,21786,21766,21771,12251,18,
,09:42:59,21786,21766,21772,12261,10,
,09:43:00,21772,21772,21772,12262,1,
,09:43:00,21772,21770,21772,12272,10,
,09:43:01,21772,21770,21772,12273,1,
,09:43:01,21772,21770,21771,12278,5,
,09:43:02,21774,21770,21774,12279,1,
,09:43:02,21774,21770,21773,12282,3,
,09:43:03,21774,21770,21773,12284,2,
,09:43:03,21774,21770,21773,12290,6,
,09:43:04,21774,21770,21773,12293,3,
,09:43:05,21774,21770,21774,12294,1,
,09:43:05,21779,21770,21779,12315,21,
,09:43:06,21779,21770,21779,12317,2,
,09:43:06,21779,21770,21778,12325,8,
,09:43:07,21779,21770,21776,12328,3,
,09:43:07,21779,21770,21775,12333,5,
,09:43:08,21779,21770,21775,12334,1,
,09:43:08,21779,21770,21775,12336,2,
,09:43:09,21779,21770,21774,12337,1,
,09:43:09,21779,21770,21775,12342,5,
,09:43:10,21779,21770,21776,12348,6,
,09:43:11,21779,21770,21776,12348,6,
,09:43:11,21779,21770,21778,12353,5,
,09:43:12,21779,21770,21778,12353,5,
,09:43:13,21779,21770,21777,12357,4,
,09:43:14,21779,21770,21776,12358,1,
,09:43:14,21779,21770,21776,12359,1,
,09:43:16,21779,21770,21774,12370,11,
,09:43:17,21779,21770,21774,12371,1,
,09:43:17,21779,21770,21774,12375,4,
,09:43:18,21779,21770,21775,12379,4,
,09:43:19,21779,21770,21775,12379,4,
,09:43:19,21779,21770,21774,12383,4,
,09:43:20,21779,21770,21772,12386,3,
,09:43:21,21779,21770,21772,12390,4,
,09:43:22,21779,21770,21772,12390,4,
,09:43:22,21779,21770,21774,12394,4,
,09:43:23,21779,21770,21774,12394,4,
,09:43:24,21779,21770,21774,12394,4,
,09:43:24,21779,21770,21774,12405,11,
,09:43:25,21779,21770,21774,12405,11,
,09:43:25,21779,21770,21771,12414,9,
,09:43:26,21779,21770,21770,12416,2,
,09:43:27,21779,21770,21771,12420,4,
,09:43:27,21779,21770,21773,12421,1,
,09:43:28,21779,21770,21773,12423,2,
,09:43:28,21779,21770,21774,12432,9,
,09:43:30,21779,21770,21774,12432,9,
,09:43:30,21779,21770,21773,12433,1,
,09:43:31,21779,21770,21773,12433,1,
,09:43:32,21779,21770,21774,12435,2,
,09:43:32,21779,21770,21774,12440,5,
,09:43:33,21779,21770,21774,12440,5,
,09:43:34,21779,21770,21774,12440,5,
,09:43:35,21779,21770,21773,12442,2,
,09:43:36,21779,21770,21773,12443,1,
,09:43:36,21779,21770,21770,12459,16,
,09:43:37,21779,21770,21770,12459,16,
,09:43:37,21779,21770,21771,12463,4,
,09:43:38,21779,21770,21771,12463,4,
,09:43:38,21779,21770,21771,12470,7,
,09:43:39,21779,21770,21771,12470,7,
,09:43:40,21779,21770,21771,12471,1,
,09:43:40,21779,21770,21774,12488,17,
,09:43:41,21779,21770,21775,12491,3,
,09:43:42,21779,21770,21774,12492,1,
,09:43:42,21779,21770,21774,12492,1,
,09:43:43,21779,21770,21774,12502,10,
,09:43:44,21779,21770,21774,12502,10,
,09:43:45,21779,21770,21774,12502,10,
,09:43:46,21779,21770,21774,12502,10,
,09:43:46,21779,21770,21771,12507,5,
,09:43:47,21779,21770,21770,12510,3,
,09:43:47,21779,21770,21771,12513,3,
,09:43:48,21779,21770,21771,12513,3,
,09:43:48,21779,21770,21771,12516,3,
,09:43:49,21779,21770,21771,12516,3,
,09:43:49,21779,21770,21773,12517,1,
,09:43:50,21779,21770,21773,12517,1,
,09:43:50,21779,21770,21774,12521,4,
,09:43:51,21779,21770,21775,12522,1,
,09:43:51,21779,21770,21775,12523,1,
,09:43:52,21779,21770,21775,12524,1,
,09:43:52,21779,21770,21774,12526,2,
,09:43:53,21779,21770,21774,12526,2,
,09:43:53,21779,21770,21774,12529,3,
,09:43:54,21779,21770,21774,12529,3,
,09:43:54,21779,21770,21775,12532,3,
,09:43:55,21779,21770,21775,12534,2,
,09:43:56,21779,21770,21776,12564,30,
,09:43:57,21779,21770,21777,12567,3,
,09:43:57,21779,21770,21778,12568,1,
,09:43:58,21779,21770,21778,12568,1,
,09:43:58,21779,21770,21777,12572,4,
,09:43:59,21779,21770,21777,12572,4,
,09:43:59,21779,21770,21774,12578,6,
,09:44:00,21774,21774,21774,12579,1,
,09:44:00,21774,21774,21774,12579,1,
,09:44:01,21774,21774,21774,12579,1,
,09:44:01,21774,21774,21774,12582,3,
,09:44:02,21775,21774,21775,12586,4,
,09:44:03,21775,21774,21774,12587,1,
,09:44:03,21775,21774,21775,12588,1,
,09:44:04,21775,21774,21775,12588,1,
,09:44:04,21778,21774,21778,12590,2,
,09:44:05,21779,21774,21779,12597,7,
,09:44:05,21782,21774,21782,12610,13,
,09:44:06,21782,21774,21781,12617,7,
,09:44:07,21782,21774,21781,12617,7,
,09:44:07,21782,21774,21781,12619,2,
,09:44:08,21782,21774,21782,12620,1,
,09:44:08,21782,21774,21781,12632,12,
,09:44:09,21782,21774,21781,12632,12,
,09:44:09,21782,21774,21781,12632,12,
,09:44:10,21782,21774,21779,12645,13,
,09:44:11,21782,21774,21780,12646,1,
,09:44:12,21782,21774,21777,12647,1,
,09:44:12,21782,21774,21778,12654,7,
,09:44:13,21782,21774,21778,12656,2,
,09:44:13,21782,21774,21780,12658,2,
,09:44:14,21782,21774,21780,12658,2,
,09:44:14,21782,21774,21782,12669,11,
,09:44:15,21782,21774,21782,12669,11,
,09:44:15,21782,21774,21782,12675,6,
,09:44:16,21782,21774,21781,12686,11,
,09:44:18,21782,21774,21782,12687,1,
,09:44:18,21784,21774,21784,12690,3,
,09:44:19,21784,21774,21783,12691,1,
,09:44:19,21784,21774,21784,12694,3,
,09:44:20,21785,21774,21785,12698,4,
,09:44:20,21786,21774,21785,12701,3,
,09:44:21,21788,21774,21784,12728,27,
,09:44:22,21788,21774,21785,12730,2,
,09:44:22,21788,21774,21785,12757,27,
,09:44:23,21788,21774,21785,12761,4,
,09:44:24,21788,21774,21785,12761,4,
,09:44:25,21788,21774,21786,12762,1,
,09:44:25,21788,21774,21783,12783,21,
,09:44:26,21788,21774,21783,12783,21,
,09:44:26,21788,21774,21784,12786,3,
,09:44:27,21788,21774,21784,12787,1,
,09:44:28,21788,21774,21784,12787,1,
,09:44:28,21788,21774,21786,12790,3,
,09:44:29,21788,21774,21786,12790,3,
,09:44:29,21788,21774,21786,12791,1,
,09:44:30,21788,21774,21778,12832,41,
,09:44:31,21788,21774,21777,12833,1,
,09:44:31,21788,21774,21780,12839,6,
,09:44:32,21788,21774,21781,12840,1,
,09:44:32,21788,21774,21783,12853,13,
,09:44:33,21788,21774,21784,12858,5,
,09:44:34,21788,21774,21784,12859,1,
,09:44:35,21788,21774,21784,12860,1,
,09:44:35,21788,21774,21784,12862,2,
,09:44:36,21788,21774,21783,12863,1,
,09:44:36,21788,21774,21784,12865,2,
,09:44:37,21788,21774,21784,12869,4,
,09:44:38,21788,21774,21785,12870,1,
,09:44:38,21788,21774,21785,12876,6,
,09:44:39,21788,21774,21786,12879,3,
,09:44:39,21788,21774,21788,12891,12,
,09:44:40,21788,21774,21788,12892,1,
,09:44:40,21790,21774,21790,12896,4,
,09:44:41,21790,21774,21790,12897,1,
,09:44:41,21790,21774,21787,12906,9,
,09:44:42,21790,21774,21787,12906,9,
,09:44:42,21790,21774,21786,12909,3,
,09:44:43,21790,21774,21788,12910,1,
,09:44:43,21791,21774,21791,12925,15,
,09:44:44,21791,21774,21791,12926,1,
,09:44:44,21792,21774,21792,12929,3,
,09:44:45,21792,21774,21791,12930,1,
,09:44:45,21792,21774,21791,12936,6,
,09:44:46,21792,21774,21788,12943,7,
,09:44:47,21792,21774,21790,12944,1,
,09:44:48,21792,21774,21788,12963,19,
,09:44:49,21792,21774,21789,12970,7,
,09:44:50,21792,21774,21788,12976,6,
,09:44:51,21792,21774,21788,12976,6,
,09:44:51,21792,21774,21789,12984,8,
,09:44:52,21792,21774,21789,12984,8,
,09:44:52,21792,21774,21789,12986,2,
,09:44:53,21792,21774,21789,12988,2,
,09:44:53,21792,21774,21789,12989,1,
,09:44:54,21792,21774,21787,12993,4,
,09:44:54,21792,21774,21786,12994,1,
,09:44:55,21792,21774,21786,12995,1,
,09:44:55,21792,21774,21786,13006,11,
,09:44:56,21792,21774,21786,13008,2,
,09:44:56,21792,21774,21785,13012,4,
,09:44:57,21792,21774,21785,13012,4,
,09:44:57,21792,21774,21785,13020,8,
,09:44:58,21792,21774,21785,13020,8,
,09:44:59,21792,21774,21781,13045,25,
,09:45:00,21782,21782,21782,13046,1,
,09:45:00,21787,21782,21785,13104,58,
,09:45:01,21787,21782,21784,13113,9,
,09:45:02,21787,21782,21784,13114,1,
,09:45:02,21787,21782,21782,13140,26,
,09:45:03,21787,21782,21784,13149,9,
,09:45:04,21787,21782,21783,13150,1,
,09:45:04,21787,21780,21780,13165,15,
,09:45:05,21787,21780,21781,13166,1,
,09:45:05,21787,21780,21781,13173,7,
,09:45:06,21787,21780,21781,13174,1,
,09:45:06,21787,21780,21781,13182,8,
,09:45:07,21787,21780,21781,13183,1,
,09:45:07,21787,21780,21781,13188,5,
,09:45:08,21787,21780,21781,13189,1,
,09:45:08,21787,21780,21780,13191,2,
,09:45:09,21787,21778,21780,13213,22,
,09:45:10,21787,21778,21783,13242,29,
,09:45:11,21787,21778,21783,13242,29,
,09:45:11,21787,21778,21783,13248,6,
,09:45:12,21787,21778,21783,13249,1,
,09:45:12,21787,21778,21783,13250,1,
,09:45:13,21787,21778,21786,13267,17,
,09:45:14,21787,21778,21786,13271,4,
,09:45:15,21787,21778,21787,13288,17,
,09:45:16,21787,21778,21787,13288,17,
,09:45:16,21787,21778,21786,13289,1,
,09:45:17,21787,21778,21785,13307,18,
,09:45:18,21787,21778,21784,13308,1,
,09:45:18,21787,21778,21785,13315,7,
,09:45:19,21787,21778,21786,13317,2,
,09:45:19,21787,21778,21785,13321,4,
,09:45:20,21787,21778,21787,13322,1,
,09:45:20,21787,21778,21786,13332,10,
,09:45:21,21787,21778,21785,13338,6,
,09:45:22,21787,21778,21785,13338,6,
,09:45:23,21787,21778,21783,13352,14,
,09:45:24,21787,21778,21782,13354,2,
,09:45:24,21787,21778,21783,13357,3,
,09:45:25,21787,21778,21784,13358,1,
,09:45:25,21787,21778,21786,13365,7,
,09:45:26,21787,21778,21786,13367,2,
,09:45:27,21787,21778,21786,13368,1,
,09:45:27,21787,21778,21787,13377,9,
,09:45:28,21788,21778,21788,13378,1,
,09:45:28,21788,21778,21786,13394,16,
,09:45:28,21788,21778,21786,13395,1,
,09:45:29,21788,21778,21786,13395,1,
,09:45:29,21788,21778,21785,13396,1,
,09:45:30,21788,21778,21786,13401,5,
,09:45:30,21788,21778,21784,13405,4,
,09:45:31,21788,21778,21784,13405,4,
,09:45:31,21788,21778,21778,13434,29,
,09:45:32,21788,21778,21778,13434,29,
,09:45:32,21788,21777,21777,13436,2,
,09:45:33,21788,21777,21777,13436,2,
,09:45:33,21788,21777,21780,13446,10,
,09:45:34,21788,21777,21780,13446,10,
,09:45:34,21788,21777,21779,13460,14,
,09:45:35,21788,21777,21779,13460,14,
,09:45:35,21788,21777,21779,13463,3,
,09:45:36,21788,21777,21779,13463,3,
,09:45:36,21788,21777,21780,13473,10,
,09:45:37,21788,21777,21780,13473,10,
,09:45:37,21788,21777,21779,13475,2,
,09:45:38,21788,21777,21778,13483,8,
,09:45:39,21788,21775,21776,13508,25,
,09:45:40,21788,21775,21776,13508,25,
,09:45:40,21788,21774,21775,13518,10,
,09:45:41,21788,21774,21775,13518,10,
,09:45:42,21788,21774,21776,13527,9,
,09:45:43,21788,21774,21776,13527,9,
,09:45:43,21788,21774,21775,13529,2,
,09:45:44,21788,21774,21775,13529,2,
,09:45:44,21788,21774,21774,13534,5,
,09:45:45,21788,21772,21774,13553,19,
