,09:14:00,21600,21600,21600,279,279,
,09:14:00,21600,21600,21600,279,279,
,09:15:00,21608,21608,21608,280,1,
,09:15:00,21627,21600,21607,355,75,
,09:15:01,21627,21591,21597,423,68,
,09:15:02,21627,21591,21600,465,42,
,09:15:03,21627,21591,21602,471,6,
,09:15:04,21627,21591,21601,493,22,
,09:15:05,21627,21591,21597,494,1,
,09:15:05,21627,21591,21592,503,9,
,09:15:06,21627,21590,21592,516,13,
,09:15:07,21627,21589,21589,533,17,
,09:15:08,21627,21588,21589,566,33,
,09:15:09,21627,21587,21589,587,21,
,09:15:10,21627,21585,21585,602,15,
,09:15:11,21627,21583,21583,611,9,
,09:15:12,21627,21583,21585,612,1,
,09:15:12,21627,21581,21586,639,27,
,09:15:13,21627,21581,21589,640,1,
,09:15:13,21627,21581,21584,652,12,
,09:15:14,21627,21581,21585,665,13,
,09:15:15,21627,21581,21585,665,13,
,09:15:15,21627,21581,21586,675,10,
,09:15:16,21627,21581,21586,684,9,
,09:15:17,21627,21581,21587,685,1,
,09:15:17,21627,21581,21585,705,20,
,09:15:18,21627,21581,21584,722,17,
,09:15:19,21627,21581,21584,723,1,
,09:15:19,21627,21580,21583,748,25,
,09:15:20,21627,21578,21578,772,24,
,09:15:21,21627,21577,21577,773,1,
,09:15:21,21627,21576,21577,782,9,
,09:15:22,21627,21576,21577,783,1,
,09:15:22,21627,21576,21578,790,7,
,09:15:23,21627,21575,21578,802,12,
,09:15:24,21627,21575,21576,803,1,
,09:15:24,21627,21575,21579,816,13,
,09:15:25,21627,21575,21579,816,13,
,09:15:25,21627,21575,21580,825,9,
,09:15:26,21627,21575,21580,830,5,
,09:15:27,21627,21575,21580,832,2,
,09:15:27,21627,21575,21579,836,4,
,09:15:28,21627,21575,21581,852,16,
,09:15:29,21627,21575,21580,853,1,
,09:15:29,21627,21575,21583,865,12,
,09:15:30,21627,21575,21579,866,1,
,09:15:30,21627,21575,21579,874,8,
,09:15:31,21627,21575,21582,875,1,
,09:15:31,21627,21575,21579,877,2,
,09:15:32,21627,21575,21580,882,5,
,09:15:33,21627,21575,21578,884,2,
,09:15:33,21627,21575,21578,886,2,
,09:15:34,21627,21575,21580,896,10,
,09:15:35,21627,21575,21578,900,4,
,09:15:36,21627,21575,21578,900,4,
,09:15:36,21627,21575,21580,909,9,
,09:15:37,21627,21575,21583,910,1,
,09:15:37,21627,21575,21581,913,3,
,09:15:38,21627,21575,21578,925,12,
,09:15:39,21627,21575,21576,930,5,
,09:15:40,21627,21575,21577,931,1,
,09:15:40,21627,21575,21578,943,12,
,09:15:41,21627,21575,21580,963,20,
,09:15:42,21627,21575,21580,966,3,
,09:15:42,21627,21575,21575,984,18,
,09:15:43,21627,21573,21576,995,11,
,09:15:44,21627,21572,21577,1012,17,
,09:15:45,21627,21572,21574,1013,1,
,09:15:45,21627,21572,21577,1027,14,
,09:15:46,21627,21572,21577,1028,1,
,09:15:46,21627,21572,21578,1033,5,
,09:15:47,21627,21572,21578,1042,9,
,09:15:48,21627,21572,21578,1042,9,
,09:15:48,21627,21572,21575,1043,1,
,09:15:49,21627,21572,21575,1044,1,
,09:15:49,21627,21572,21574,1045,1,
,09:15:50,21627,21572,21575,1053,8,
,09:15:51,21627,21572,21575,1054,1,
,09:15:51,21627,21572,21576,1056,2,
,09:15:52,21627,21572,21576,1056,2,
,09:15:52,21627,21572,21577,1059,3,
,09:15:53,21627,21572,21574,1060,1,
,09:15:53,21627,21572,21574,1067,7,
,09:15:54,21627,21572,21574,1067,7,
,09:15:54,21627,21572,21576,1072,5,
,09:15:55,21627,21572,21576,1072,5,
,09:15:55,21627,21572,21574,1074,2,
,09:15:56,21627,21572,21578,1080,6,
,09:15:57,21627,21572,21577,1084,4,
,09:15:58,21627,21572,21579,1089,5,
,09:15:58,21627,21572,21580,1099,10,
,09:15:59,21627,21572,21580,1099,10,
,09:15:59,21627,21572,21582,1104,5,
,09:16:00,21582,21582,21582,1104,5,
,09:16:00,21582,21578,21578,1116,12,
,09:16:01,21582,21575,21576,1134,18,
,09:16:02,21582,21574,21574,1149,15,
,09:16:03,21582,21574,21576,1150,1,
,09:16:03,21582,21574,21575,1153,3,
,09:16:04,21582,21574,21574,1154,1,
,09:16:04,21582,21574,21574,1157,3,
,09:16:05,21582,21574,21577,1158,1,
,09:16:05,21582,21574,21574,1161,3,
,09:16:06,21582,21574,21577,1162,1,
,09:16:06,21582,21574,21577,1171,9,
,09:16:07,21582,21574,21577,1171,9,
,09:16:07,21582,21574,21578,1187,16,
,09:16:08,21582,21574,21577,1192,5,
,09:16:09,21582,21574,21577,1192,5,
,09:16:09,21582,21574,21579,1193,1,
,09:16:10,21582,21574,21582,1202,9,
,09:16:11,21582,21574,21580,1203,1,
,09:16:12,21582,21574,21580,1203,1,
,09:16:12,21582,21574,21582,1207,4,
,09:16:13,21582,21574,21582,1207,4,
,09:16:13,21582,21574,21577,1214,7,
,09:16:14,21582,21574,21577,1214,7,
,09:16:14,21582,21574,21579,1219,5,
,09:16:15,21582,21574,21577,1227,8,
,09:16:16,21582,21574,21577,1227,8,
,09:16:16,21582,21574,21579,1235,8,
,09:16:18,21582,21574,21581,1236,1,
,09:16:18,21582,21574,21582,1246,10,
,09:16:19,21583,21574,21583,1249,3,
,09:16:19,21585,21574,21585,1272,23,
,09:16:20,21585,21574,21585,1272,23,
,09:16:20,21585,21574,21585,1275,3,
,09:16:21,21586,21574,21584,1281,6,
,09:16:22,21586,21574,21583,1295,14,
,09:16:23,21586,21574,21583,1295,14,
,09:16:23,21586,21574,21584,1296,1,
,09:16:24,21586,21574,21585,1299,3,
,09:16:25,21586,21574,21582,1307,8,
,09:16:26,21586,21574,21582,1307,8,
,09:16:26,21586,21574,21579,1336,29,
,09:16:27,21586,21574,21579,1336,29,
,09:16:27,21586,21574,21578,1339,3,
,09:16:28,21586,21574,21578,1339,3,
,09:16:28,21586,21574,21581,1347,8,
,09:16:29,21586,21574,21581,1347,8,
,09:16:29,21586,21574,21578,1351,4,
,09:16:30,21586,21574,21581,1352,1,
,09:16:30,21586,21574,21579,1354,2,
,09:16:31,21586,21574,21581,1356,2,
,09:16:32,21586,21574,21576,1375,19,
,09:16:33,21586,21573,21573,1376,1,
,09:16:34,21586,21573,21574,1384,8,
,09:16:35,21586,21573,21573,1390,6,
,09:16:36,21586,21573,21574,1391,1,
,09:16:36,21586,21573,21573,1395,4,
,09:16:37,21586,21573,21574,1396,1,
,09:16:37,21586,21573,21576,1398,2,
,09:16:38,21586,21573,21573,1403,5,
,09:16:39,21586,21573,21575,1407,4,
,09:16:40,21586,21573,21574,1408,1,
,09:16:40,21586,21572,21575,1414,6,
,09:16:41,21586,21572,21575,1421,7,
,09:16:42,21586,21572,21573,1423,2,
,09:16:42,21586,21572,21575,1427,4,
,09:16:43,21586,21572,21575,1428,1,
,09:16:43,21586,21572,21576,1433,5,
,09:16:44,21586,21572,21576,1433,5,
,09:16:44,21586,21572,21576,1439,6,
,09:16:45,21586,21572,21576,1439,6,
,09:16:46,21586,21572,21576,1439,6,
,09:16:47,21586,21572,21577,1452,13,
,09:16:48,21586,21572,21577,1452,13,
,09:16:48,21586,21572,21577,1454,2,
,09:16:49,21586,21572,21578,1455,1,
,09:16:50,21586,21572,21578,1455,1,
,09:16:51,21586,21572,21577,1456,1,
,09:16:52,21586,21572,21577,1456,1,
,09:16:53,21586,21572,21577,1458,2,
,09:16:54,21586,21572,21579,1461,3,
,09:16:55,21586,21572,21578,1462,1,
,09:16:55,21586,21572,21577,1463,1,
,09:16:56,21586,21572,21577,1463,1,
,09:16:56,21586,21572,21579,1464,1,
,09:16:57,21586,21572,21577,1466,2,
,09:16:58,21586,21572,21580,1472,6,
,09:16:59,21586,21572,21578,1474,2,
,09:17:00,21578,21578,21578,1475,1,
,09:17:00,21581,21578,21581,1487,12,
,09:17:01,21584,21578,21582,1510,23,
,09:17:02,21584,21578,21581,1511,1,
,09:17:02,21584,21578,21583,1514,3,
,09:17:03,21585,21578,21585,1515,1,
,09:17:03,21586,21578,21584,1522,7,
,09:17:04,21586,21578,21584,1522,7,
,09:17:04,21586,21578,21585,1523,1,
,09:17:05,21586,21578,21585,1524,1,
,09:17:05,21586,21578,21584,1537,13,
,09:17:06,21586,21578,21586,1538,1,
,09:17:06,21586,21578,21585,1542,4,
,09:17:07,21586,21578,21585,1542,4,
,09:17:07,21587,21578,21585,1573,31,
,09:17:08,21587,21578,21585,1573,31,
,09:17:08,21587,21578,21586,1578,5,
,09:17:09,21587,21578,21586,1579,1,
,09:17:09,21587,21578,21583,1580,1,
,09:17:10,21587,21578,21583,1581,1,
,09:17:10,21587,21578,21585,1589,8,
,09:17:11,21587,21578,21582,1590,1,
,09:17:11,21587,21578,21583,1592,2,
,09:17:12,21587,21578,21583,1592,2,
,09:17:12,21587,21578,21582,1593,1,
,09:17:13,21587,21578,21582,1593,1,
,09:17:13,21587,21578,21584,1596,3,
,09:17:14,21587,21578,21583,1598,2,
,09:17:15,21587,21578,21583,1598,2,
,09:17:16,21587,21578,21585,1601,3,
,09:17:17,21587,21578,21584,1602,1,
,09:17:18,21587,21578,21583,1604,2,
,09:17:19,21587,21578,21584,1605,1,
,09:17:20,21587,21578,21584,1605,1,
,09:17:20,21587,21578,21584,1607,2,
,09:17:21,21587,21578,21582,1614,7,
,09:17:22,21587,21578,21582,1614,7,
,09:17:23,21587,21578,21583,1615,1,
,09:17:24,21587,21578,21584,1616,1,
,09:17:24,21587,21578,21585,1618,2,
,09:17:25,21587,21578,21585,1619,1,
,09:17:26,21587,21578,21585,1619,1,
,09:17:26,21587,21578,21583,1626,7,
,09:17:27,21587,21578,21581,1633,7,
,09:17:28,21587,21578,21583,1635,2,
,09:17:29,21587,21578,21582,1640,5,
,09:17:30,21587,21578,21582,1643,3,
,09:17:31,21587,21578,21582,1644,1,
,09:17:31,21587,21578,21580,1663,19,
,09:17:32,21587,21578,21580,1664,1,
,09:17:33,21587,21578,21581,1666,2,
,09:17:35,21587,21578,21581,1667,1,
,09:17:36,21587,21578,21582,1668,1,
,09:17:36,21587,21578,21581,1670,2,
,09:17:38,21587,21578,21582,1671,1,
,09:17:38,21587,21578,21582,1673,2,
,09:17:39,21587,21578,21582,1674,1,
,09:17:39,21587,21578,21582,1675,1,
,09:17:40,21587,21578,21581,1676,1,
,09:17:41,21587,21578,21581,1677,1,
,09:17:41,21587,21578,21580,1681,4,
,09:17:42,21587,21578,21580,1682,1,
,09:17:43,21587,21578,21579,1683,1,
,09:17:44,21587,21578,21578,1685,2,
,09:17:45,21587,21575,21575,1693,8,
,09:17:46,21587,21575,21575,1693,8,
,09:17:46,21587,21575,21577,1696,3,
,09:17:47,21587,21575,21577,1697,1,
,09:17:47,21587,21574,21576,1701,4,
,09:17:48,21587,21572,21573,1714,13,
,09:17:49,21587,21572,21574,1715,1,
,09:17:49,21587,21572,21575,1716,1,
,09:17:50,21587,21572,21573,1717,1,
,09:17:50,21587,21572,21574,1721,4,
,09:17:51,21587,21572,21574,1721,4,
,09:17:51,21587,21572,21575,1725,4,
,09:17:52,21587,21572,21575,1725,4,
,09:17:53,21587,21572,21575,1725,4,
,09:17:53,21587,21572,21575,1725,4,
,09:17:54,21587,21572,21576,1726,1,
,09:17:55,21587,21572,21578,1733,7,
,09:17:56,21587,21572,21578,1733,7,
,09:17:56,21587,21572,21578,1733,7,
,09:17:57,21587,21572,21578,1737,4,
,09:17:58,21587,21572,21578,1737,4,
,09:17:58,21587,21572,21577,1738,1,
,09:17:59,21587,21572,21576,1739,1,
,09:17:59,21587,21572,21576,1739,1,
,09:18:00,21576,21576,21576,1739,1,
,09:18:00,21576,21573,21575,1748,9,
,09:18:01,21576,21573,21575,1748,9,
,09:18:01,21576,21572,21572,1753,5,
,09:18:02,21576,21572,21572,1753,5,
,09:18:02,21576,21570,21570,1785,32,
,09:18:03,21576,21570,21572,1786,1,
,09:18:03,21576,21570,21572,1805,19,
,09:18:04,21576,21570,21572,1805,19,
,09:18:04,21576,21569,21569,1812,7,
,09:18:05,21576,21569,21569,1812,7,
,09:18:05,21576,21569,21572,1815,3,
,09:18:06,21576,21569,21572,1815,3,
,09:18:06,21576,21569,21571,1818,3,
,09:18:07,21576,21569,21571,1825,7,
,09:18:08,21576,21569,21571,1825,7,
,09:18:08,21576,21569,21571,1828,3,
,09:18:09,21576,21569,21571,1828,3,
,09:18:09,21576,21569,21572,1834,6,
,09:18:09,21576,21569,21573,1835,1,
,09:18:10,21576,21569,21573,1835,1,
,09:18:11,21576,21569,21573,1836,1,
,09:18:12,21576,21569,21573,1836,1,
,09:18:13,21576,21569,21573,1836,1,
,09:18:14,21576,21569,21574,1837,1,
,09:18:15,21576,21569,21574,1839,2,
,09:18:15,21576,21569,21575,1841,2,
,09:18:16,21576,21569,21575,1841,2,
,09:18:16,21576,21569,21574,1845,4,
,09:18:17,21576,21569,21574,1858,13,
,09:18:18,21576,21569,21574,1858,13,
,09:18:19,21576,21569,21574,1863,5,
,09:18:19,21576,21569,21574,1863,5,
,09:18:21,21576,21569,21574,1868,5,
,09:18:22,21576,21569,21573,1871,3,
,09:18:23,21576,21569,21574,1872,1,
,09:18:24,21576,21569,21574,1872,1,
,09:18:25,21576,21569,21574,1872,1,
,09:18:25,21576,21569,21572,1874,2,
,09:18:26,21576,21569,21572,1874,2,
,09:18:26,21576,21569,21572,1877,3,
,09:18:27,21576,21569,21572,1877,3,
,09:18:27,21576,21569,21571,1880,3,
,09:18:28,21576,21569,21571,1880,3,
,09:18:28,21576,21569,21570,1884,4,
,09:18:30,21576,21569,21569,1888,4,
,09:18:30,21576,21568,21568,1893,5,
,09:18:31,21576,21568,21568,1894,1,
,09:18:31,21576,21568,21570,1897,3,
,09:18:32,21576,21568,21570,1897,3,
,09:18:32,21576,21566,21567,1941,44,
,09:18:33,21576,21566,21568,1950,9,
,09:18:34,21576,21566,21566,1962,12,
,09:18:35,21576,21566,21567,1965,3,
,09:18:36,21576,21565,21567,1975,10,
,09:18:37,21576,21565,21565,1980,5,
,09:18:38,21576,21565,21565,1986,6,
,09:18:39,21576,21565,21565,1986,6,
,09:18:39,21576,21565,21566,1989,3,
,09:18:40,21576,21565,21566,1989,3,
,09:18:40,21576,21563,21564,1992,3,
,09:18:41,21576,21563,21564,1994,2,
,09:18:42,21576,21563,21565,1995,1,
,09:18:42,21576,21563,21566,2003,8,
,09:18:43,21576,21563,21567,2008,5,
,09:18:44,21576,21563,21568,2009,1,
,09:18:44,21576,21563,21568,2018,9,
,09:18:45,21576,21563,21566,2019,1,
,09:18:45,21576,21563,21568,2020,1,
,09:18:46,21576,21563,21568,2021,1,
,09:18:46,21576,21563,21567,2036,15,
,09:18:47,21576,21563,21569,2039,3,
,09:18:48,21576,21563,21569,2040,1,
,09:18:49,21576,21563,21573,2052,12,
,09:18:50,21576,21563,21572,2065,13,
,09:18:51,21576,21563,21572,2065,13,
,09:18:51,21576,21563,21574,2070,5,
,09:18:52,21576,21563,21574,2070,5,
,09:18:52,21576,21563,21574,2070,5,
,09:18:53,21576,21563,21573,2072,2,
,09:18:54,21576,21563,21573,2072,2,
,09:18:55,21576,21563,21574,2078,6,
,09:18:56,21576,21563,21572,2079,1,
,09:18:56,21576,21563,21571,2086,7,
,09:18:57,21576,21563,21571,2087,1,
,09:18:57,21576,21563,21570,2097,10,
,09:18:58,21576,21563,21570,2098,1,
,09:18:58,21576,21563,21568,2101,3,
,09:18:59,21576,21563,21567,2103,2,
,09:18:59,21576,21563,21568,2104,1,
,09:19:00,21568,21568,21568,2104,1,
,09:19:00,21568,21562,21562,2122,18,
,09:19:01,21568,21558,21560,2148,26,
,09:19:02,21568,21558,21561,2149,1,
,09:19:02,21568,21558,21565,2158,9,
,09:19:03,21568,21558,21565,2159,1,
,09:19:03,21570,21558,21569,2170,11,
,09:19:04,21570,21558,21570,2174,4,
,09:19:04,21570,21558,21566,2187,13,
,09:19:05,21570,21558,21563,2199,12,
,09:19:06,21570,21558,21562,2204,5,
,09:19:07,21570,21558,21562,2226,22,
,09:19:08,21570,21558,21564,2227,1,
,09:19:08,21570,21558,21564,2230,3,
,09:19:09,21570,21558,21566,2231,1,
,09:19:09,21570,21558,21568,2237,6,
,09:19:10,21572,21558,21572,2245,8,
,09:19:11,21572,21558,21572,2245,8,
,09:19:11,21572,21558,21568,2249,4,
,09:19:12,21572,21558,21568,2249,4,
,09:19:13,21572,21558,21568,2250,1,
,09:19:13,21572,21558,21568,2250,1,
,09:19:14,21572,21558,21568,2250,1,
,09:19:15,21572,21558,21568,2251,1,
,09:19:15,21572,21558,21567,2256,5,
,09:19:17,21572,21558,21567,2257,1,
,09:19:17,21572,21558,21567,2258,1,
,09:19:18,21572,21558,21568,2259,1,
,09:19:19,21572,21558,21568,2260,1,
,09:19:20,21572,21558,21568,2263,3,
,09:19:20,21574,21558,21574,2281,18,
,09:19:21,21574,21558,21574,2281,18,
,09:19:21,21574,21558,21574,2284,3,
,09:19:22,21575,21558,21575,2285,1,
,09:19:22,21575,21558,21574,2286,1,
,09:19:23,21575,21558,21574,2287,1,
,09:19:23,21575,21558,21575,2288,1,
,09:19:24,21575,21558,21575,2288,1,
,09:19:25,21575,21558,21573,2291,3,
,09:19:25,21575,21558,21573,2291,3,
,09:19:26,21575,21558,21573,2291,3,
,09:19:26,21575,21558,21574,2292,1,
,09:19:28,21575,21558,21575,2297,5,
,09:19:29,21576,21558,21576,2298,1,
,09:19:29,21576,21558,21573,2299,1,
,09:19:30,21576,21558,21573,2299,1,
,09:19:31,21576,21558,21574,2300,1,
,09:19:31,21576,21558,21572,2304,4,
,09:19:32,21576,21558,21567,2317,13,
,09:19:33,21576,21558,21564,2318,1,
,09:19:33,21576,21558,21564,2318,1,
,09:19:34,21576,21558,21566,2319,1,
,09:19:34,21576,21558,21567,2322,3,
,09:19:35,21576,21558,21568,2323,1,
,09:19:35,21576,21558,21574,2335,12,
,09:19:36,21576,21558,21574,2335,12,
,09:19:36,21576,21558,21576,2340,5,
,09:19:37,21576,21558,21573,2349,9,
,09:19:38,21576,21558,21575,2350,1,
,09:19:38,21576,21558,21575,2350,1,
,09:19:40,21577,21558,21577,2356,6,
,09:19:41,21578,21558,21578,2358,2,
,09:19:41,21578,21558,21576,2359,1,
,09:19:42,21578,21558,21574,2366,7,
,09:19:43,21578,21558,21574,2382,16,
,09:19:44,21578,21558,21573,2383,1,
,09:19:44,21578,21558,21574,2384,1,
,09:19:45,21578,21558,21574,2384,1,
,09:19:46,21578,21558,21572,2385,1,
,09:19:47,21578,21558,21573,2388,3,
,09:19:48,21578,21558,21577,2391,3,
,09:19:49,21580,21558,21579,2413,22,
,09:19:50,21580,21558,21579,2413,22,
,09:19:50,21580,21558,21578,2418,5,
,09:19:51,21580,21558,21578,2418,5,
,09:19:51,21580,21558,21575,2424,6,
,09:19:52,21580,21558,21575,2424,6,
,09:19:52,21580,21558,21576,2425,1,
,09:19:53,21580,21558,21576,2425,1,
,09:19:53,21580,21558,21576,2425,1,
,09:19:54,21580,21558,21574,2426,1,
,09:19:54,21580,21558,21575,2427,1,
,09:19:56,21580,21558,21576,2428,1,
,09:19:56,21580,21558,21576,2434,6,
,09:19:57,21580,21558,21576,2434,6,
,09:19:57,21580,21558,21577,2435,1,
,09:19:58,21580,21558,21576,2436,1,
,09:19:58,21580,21558,21579,2441,5,
,09:19:59,21580,21558,21579,2441,5,
,09:19:59,21580,21558,21576,2451,10,
,09:20:00,21572,21572,21572,2452,1,
,09:20:00,21572,21565,21568,2479,27,
,09:20:01,21572,21565,21569,2481,2,
,09:20:02,21572,21565,21569,2481,2,
,09:20:02,21572,21565,21572,2485,4,
,09:20:03,21576,21565,21576,2498,13,
,09:20:04,21576,21565,21576,2498,13,
,09:20:04,21576,21565,21576,2504,6,
,09:20:05,21576,21565,21576,2504,6,
,09:20:05,21576,21565,21571,2511,7,
,09:20:06,21576,21565,21571,2511,7,
,09:20:06,21576,21565,21570,2519,8,
,09:20:07,21576,21565,21570,2519,8,
,09:20:07,21576,21565,21568,2525,6,
,09:20:08,21576,21565,21568,2525,6,
,09:20:08,21576,21565,21569,2528,3,
,09:20:09,21576,21565,21572,2531,3,
,09:20:10,21576,21565,21572,2531,3,
,09:20:10,21576,21565,21572,2532,1,
,09:20:11,21576,21565,21572,2532,1,
,09:20:11,21576,21565,21572,2536,4,
,09:20:12,21576,21565,21572,2536,4,
,09:20:12,21576,21565,21572,2538,2,
,09:20:13,21576,21565,21572,2538,2,
,09:20:13,21576,21565,21571,2539,1,
,09:20:15,21576,21565,21573,2540,1,
,09:20:16,21576,21565,21573,2540,1,
,09:20:16,21576,21565,21573,2551,11,
,09:20:17,21576,21565,21573,2551,11,
,09:20:17,21579,21565,21579,2561,10,
,09:20:18,21579,21565,21574,2567,6,
,09:20:19,21579,21565,21574,2567,6,
,09:20:19,21579,21565,21573,2574,7,
,09:20:20,21579,21565,21572,2583,9,
,09:20:21,21579,21565,21572,2589,6,
,09:20:22,21579,21565,21572,2589,6,
,09:20:22,21579,21565,21574,2590,1,
,09:20:23,21579,21565,21574,2590,1,
,09:20:23,21579,21565,21575,2592,2,
,09:20:24,21579,21565,21575,2592,2,
,09:20:24,21579,21565,21577,2593,1,
,09:20:27,21579,21565,21575,2601,8,
,09:20:28,21579,21565,21575,2601,8,
,09:20:28,21579,21565,21575,2606,5,
,09:20:29,21579,21565,21574,2622,16,
,09:20:30,21579,21565,21574,2622,16,
,09:20:31,21579,21565,21574,2622,16,
,09:20:32,21579,21565,21575,2623,1,
,09:20:33,21579,21565,21575,2623,1,
,09:20:34,21579,21565,21575,2623,1,
,09:20:34,21579,21565,21576,2629,6,
,09:20:35,21579,21565,21576,2629,6,
,09:20:35,21579,21565,21574,2630,1,
,09:20:36,21579,21565,21574,2631,1,
,09:20:37,21579,21565,21574,2631,1,
,09:20:37,21579,21565,21574,2631,1,
,09:20:38,21579,21565,21576,2641,10,
,09:20:39,21579,21565,21574,2651,10,
,09:20:40,21579,21565,21578,2655,4,
,09:20:41,21579,21565,21578,2656,1,
,09:20:41,21579,21565,21579,2665,9,
,09:20:42,21579,21565,21579,2666,1,
,09:20:42,21580,21565,21579,2673,7,
,09:20:43,21580,21565,21580,2674,1,
,09:20:43,21581,21565,21579,2682,8,
,09:20:44,21581,21565,21579,2682,8,
,09:20:44,21581,21565,21580,2683,1,
,09:20:45,21582,21565,21582,2687,4,
,09:20:46,21582,21565,21582,2688,1,
,09:20:46,21582,21565,21582,2689,1,
,09:20:47,21582,21565,21582,2690,1,
,09:20:47,21583,21565,21581,2698,8,
,09:20:48,21583,21565,21581,2699,1,
,09:20:48,21583,21565,21582,2700,1,
,09:20:49,21584,21565,21584,2707,7,
,09:20:50,21584,21565,21583,2708,1,
,09:20:51,21584,21565,21583,2709,1,
,09:20:51,21584,21565,21584,2710,1,
,09:20:52,21585,21565,21583,2728,18,
,09:20:53,21585,21565,21583,2729,1,
,09:20:53,21585,21565,21582,2732,3,
,09:20:54,21585,21565,21582,2732,3,
,09:20:55,21585,21565,21583,2733,1,
,09:20:55,21585,21565,21584,2740,7,
,09:20:56,21585,21565,21584,2740,7,
,09:20:56,21585,21565,21585,2741,1,
,09:20:57,21585,21565,21585,2742,1,
,09:20:57,21585,21565,21580,2774,32,
,09:20:58,21585,21565,21580,2775,1,
,09:20:58,21585,21565,21582,2781,6,
,09:20:59,21585,21565,21582,2781,6,
,09:20:59,21585,21565,21584,2787,6,
,09:21:00,21584,21584,21584,2787,6,
,09:21:00,21584,21582,21584,2794,7,
,09:21:01,21584,21582,21582,2802,8,
,09:21:02,21585,21582,21584,2805,3,
,09:21:03,21585,21582,21585,2807,2,
,09:21:04,21585,21582,21584,2808,1,
,09:21:04,21586,21582,21583,2821,13,
,09:21:06,21586,21582,21583,2821,13,
,09:21:07,21586,21582,21583,2822,1,
,09:21:07,21586,21582,21586,2824,2,
,09:21:08,21586,21582,21586,2824,2,
,09:21:08,21586,21582,21585,2826,2,
,09:21:09,21586,21582,21584,2827,1,
,09:21:09,21586,21582,21582,2832,5,
,09:21:10,21586,21582,21585,2836,4,
,09:21:11,21586,21582,21584,2839,3,
,09:21:12,21586,21582,21584,2843,4,
,09:21:13,21586,21582,21584,2843,4,
,09:21:13,21586,21580,21581,2852,9,
,09:21:14,21586,21580,21582,2854,2,
,09:21:15,21586,21580,21580,2855,1,
,09:21:15,21586,21580,21581,2859,4,
,09:21:16,21586,21580,21580,2860,1,
,09:21:16,21586,21580,21580,2861,1,
,09:21:17,21586,21580,21580,2861,1,
,09:21:17,21586,21579,21580,2865,4,
,09:21:18,21586,21579,21579,2866,1,
,09:21:19,21586,21579,21580,2867,1,
,09:21:19,21586,21579,21581,2868,1,
,09:21:20,21586,21575,21581,2888,20,
,09:21:22,21586,21575,21581,2888,20,
,09:21:22,21586,21575,21580,2891,3,
,09:21:23,21586,21575,21580,2892,1,
,09:21:24,21586,21575,21580,2893,1,
,09:21:24,21586,21575,21579,2896,3,
,09:21:25,21586,21575,21579,2896,3,
,09:21:26,21586,21575,21579,2896,3,
,09:21:26,21586,21575,21579,2897,1,
,09:21:27,21586,21575,21579,2898,1,
,09:21:27,21586,21575,21578,2902,4,
,09:21:28,21586,21575,21578,2902,4,
,09:21:29,21586,21575,21578,2902,4,
,09:21:29,21586,21575,21578,2904,2,
,09:21:30,21586,21575,21580,2920,16,
,09:21:31,21586,21575,21580,2920,16,
,09:21:31,21586,21575,21580,2920,16,
,09:21:32,21586,21575,21581,2921,1,
,09:21:33,21586,21575,21581,2921,1,
,09:21:33,21586,21575,21581,2922,1,
,09:21:34,21586,21575,21581,2922,1,
,09:21:34,21586,21575,21580,2926,4,
,09:21:37,21586,21575,21580,2926,4,
,09:21:38,21586,21575,21580,2926,4,
,09:21:38,21586,21575,21579,2928,2,
,09:21:39,21586,21575,21581,2935,7,
,09:21:40,21586,21575,21581,2935,7,
,09:21:40,21586,21575,21579,2937,2,
,09:21:41,21586,21575,21580,2938,1,
,09:21:41,21586,21575,21583,2943,5,
,09:21:42,21586,21575,21583,2943,5,
,09:21:42,21586,21575,21580,2947,4,
,09:21:43,21586,21575,21582,2955,8,
,09:21:44,21586,21575,21581,2957,2,
,09:21:45,21586,21575,21581,2957,2,
,09:21:45,21586,21575,21585,2963,6,
,09:21:46,21586,21575,21582,2975,12,
,09:21:47,21586,21575,21582,2975,12,
,09:21:47,21586,21575,21583,2977,2,
,09:21:48,21586,21575,21583,2977,2,
,09:21:48,21586,21575,21584,2981,4,
,09:21:49,21586,21575,21584,2981,4,
,09:21:49,21586,21575,21582,2983,2,
,09:21:50,21586,21575,21582,2983,2,
,09:21:51,21587,21575,21585,3042,59,
,09:21:52,21587,21575,21586,3052,10,
,09:21:53,21587,21575,21586,3052,10,
,09:21:53,21587,21575,21585,3056,4,
,09:21:54,21587,21575,21584,3062,6,
,09:21:55,21587,21575,21583,3077,15,
,09:21:56,21587,21575,21583,3078,1,
,09:21:57,21587,21575,21583,3078,1,
,09:21:57,21587,21575,21585,3083,5,
,09:21:58,21587,21575,21585,3083,5,
,09:21:59,21587,21575,21586,3084,1,
,09:21:59,21587,21575,21585,3086,2,
,09:22:00,21586,21586,21586,3087,1,
,09:22:00,21586,21586,21586,3089,2,
,09:22:01,21586,21585,21585,3091,2,
,09:22:01,21586,21585,21585,3091,2,
,09:22:02,21586,21585,21585,3092,1,
,09:22:02,21586,21584,21584,3100,8,
,09:22:03,21586,21583,21583,3107,7,
,09:22:04,21586,21583,21585,3109,2,
,09:22:04,21586,21580,21580,3154,45,
,09:22:05,21586,21574,21574,3175,21,
,09:22:06,21586,21570,21570,3194,19,
,09:22:07,21586,21570,21571,3195,1,
,09:22:07,21586,21569,21571,3209,14,
,09:22:08,21586,21569,21577,3225,16,
,09:22:09,21586,21569,21577,3225,16,
,09:22:09,21586,21569,21573,3228,3,
,09:22:10,21586,21569,21573,3228,3,
,09:22:10,21586,21569,21574,3231,3,
,09:22:11,21586,21569,21574,3232,1,
,09:22:11,21586,21569,21572,3235,3,
,09:22:12,21586,21569,21573,3236,1,
,09:22:13,21586,21569,21575,3243,7,
,09:22:14,21586,21569,21575,3243,7,
,09:22:15,21586,21569,21575,3245,2,
,09:22:15,21586,21569,21574,3246,1,
,09:22:16,21586,21569,21574,3247,1,
,09:22:17,21586,21569,21574,3247,1,
,09:22:17,21586,21569,21573,3249,2,
,09:22:18,21586,21569,21573,3249,2,
,09:22:18,21586,21569,21574,3252,3,
,09:22:19,21586,21569,21574,3252,3,
,09:22:20,21586,21569,21575,3253,1,
,09:22:20,21586,21569,21574,3258,5,
,09:22:21,21586,21569,21574,3258,5,
,09:22:21,21586,21569,21572,3261,3,
,09:22:22,21586,21569,21573,3264,3,
,09:22:23,21586,21569,21573,3267,3,
,09:22:24,21586,21569,21571,3268,1,
,09:22:24,21586,21569,21572,3271,3,
,09:22:25,21586,21569,21572,3271,3,
,09:22:25,21586,21569,21573,3274,3,
,09:22:26,21586,21569,21573,3274,3,
,09:22:26,21586,21569,21572,3275,1,
,09:22:27,21586,21569,21573,3276,1,
,09:22:27,21586,21569,21573,3277,1,
,09:22:28,21586,21569,21574,3280,3,
,09:22:29,21586,21569,21580,3294,14,
,09:22:30,21586,21569,21578,3296,2,
,09:22:30,21586,21569,21575,3299,3,
,09:22:31,21586,21569,21575,3299,3,
,09:22:31,21586,21569,21575,3299,3,
,09:22:33,21586,21569,21575,3299,3,
,09:22:34,21586,21569,21574,3302,3,
,09:22:34,21586,21569,21575,3304,2,
,09:22:35,21586,21569,21573,3305,1,
,09:22:36,21586,21569,21574,3306,1,
,09:22:37,21586,21569,21575,3307,1,
,09:22:38,21586,21569,21577,3313,6,
,09:22:39,21586,21569,21577,3313,6,
,09:22:40,21586,21569,21577,3313,6,
,09:22:40,21586,21569,21577,3313,6,
,09:22:42,21586,21569,21576,3317,4,
,09:22:43,21586,21569,21576,3318,1,
,09:22:43,21586,21569,21576,3318,1,
,09:22:45,21586,21569,21575,3319,1,
,09:22:45,21586,21569,21579,3321,2,
,09:22:46,21586,21569,21578,3322,1,
,09:22:47,21586,21569,21578,3323,1,
,09:22:48,21586,21569,21578,3323,1,
,09:22:49,21586,21569,21578,3323,1,
,09:22:49,21586,21569,21577,3325,2,
,09:22:51,21586,21569,21577,3325,2,
,09:22:51,21586,21569,21577,3326,1,
,09:22:52,21586,21569,21577,3326,1,
,09:22:52,21586,21569,21580,3328,2,
,09:22:53,21586,21569,21580,3328,2,
,09:22:54,21586,21569,21578,3329,1,
,09:22:56,21586,21569,21578,3332,3,
,09:22:57,21586,21569,21578,3332,3,
,09:22:57,21586,21569,21581,3337,5,
,09:22:58,21586,21569,21581,3337,5,
,09:22:58,21586,21569,21579,3338,1,
,09:23:01,21579,21579,21579,3338,1,
,09:23:01,21581,21579,21579,3344,6,
,09:23:02,21581,21579,21579,3344,6,
,09:23:02,21581,21577,21577,3346,2,
,09:23:03,21581,21577,21577,3346,2,
,09:23:03,21581,21577,21577,3350,4,
,09:23:04,21581,21575,21576,3372,22,
,09:23:05,21581,21575,21576,3372,22,
,09:23:05,21581,21575,21575,3373,1,
,09:23:06,21581,21575,21576,3374,1,
,09:23:07,21581,21575,21578,3382,8,
,09:23:08,21581,21575,21576,3383,1,
,09:23:09,21581,21575,21578,3395,12,
,09:23:10,21581,21575,21578,3395,12,
,09:23:10,21581,21575,21578,3396,1,
,09:23:11,21581,21575,21578,3396,1,
,09:23:11,21581,21575,21578,3396,1,
,09:23:12,21581,21575,21578,3396,1,
,09:23:13,21581,21575,21577,3397,1,
,09:23:14,21581,21575,21577,3397,1,
,09:23:14,21581,21575,21575,3399,2,
,09:23:15,21581,21575,21575,3399,2,
,09:23:15,21581,21574,21576,3402,3,
,09:23:16,21581,21574,21576,3402,3,
,09:23:18,21581,21574,21575,3417,15,
,09:23:19,21581,21574,21575,3417,15,
,09:23:20,21581,21574,21574,3419,2,
,09:23:21,21581,21573,21573,3421,2,
,09:23:22,21581,21573,21573,3421,2,
,09:23:22,21581,21573,21573,3422,1,
,09:23:23,21581,21573,21573,3422,1,
,09:23:23,21581,21573,21573,3423,1,
,09:23:24,21581,21572,21572,3427,4,
,09:23:25,21581,21572,21572,3428,1,
,09:23:26,21581,21572,21573,3429,1,
,09:23:26,21581,21572,21573,3429,1,
,09:23:28,21581,21572,21573,3429,1,
,09:23:28,21581,21572,21576,3437,8,
,09:23:29,21581,21572,21577,3438,1,
,09:23:29,21581,21572,21577,3441,3,
,09:23:30,21581,21572,21577,3441,3,
,09:23:30,21581,21572,21579,3451,10,
,09:23:32,21581,21572,21579,3451,10,
,09:23:34,21581,21572,21578,3452,1,
,09:23:35,21581,21572,21578,3452,1,
,09:23:36,21581,21572,21579,3453,1,
,09:23:37,21581,21572,21579,3453,1,
,09:23:40,21581,21572,21580,3458,5,
,09:23:41,21581,21572,21580,3458,5,
,09:23:42,21581,21572,21580,3458,5,
,09:23:43,21581,21572,21580,3458,5,
,09:23:45,21581,21572,21578,3459,1,
,09:23:46,21581,21572,21576,3472,13,
,09:23:47,21581,21572,21576,3472,13,
,09:23:48,21581,21572,21576,3472,13,
,09:23:50,21581,21572,21576,3472,13,
,09:23:50,21581,21572,21575,3474,2,
,09:23:51,21581,21572,21573,3477,3,
,09:23:52,21581,21572,21573,3477,3,
,09:23:53,21581,21572,21573,3477,3,
,09:23:53,21581,21572,21573,3481,4,
,09:23:54,21581,21572,21573,3481,4,
,09:23:54,21581,21572,21573,3483,2,
,09:23:55,21581,21572,21573,3483,2,
,09:23:55,21581,21572,21573,3488,5,
,09:23:56,21581,21572,21573,3488,5,
,09:23:56,21581,21572,21577,3500,12,
,09:23:57,21581,21572,21577,3504,4,
,09:23:58,21581,21572,21580,3506,2,
,09:23:59,21581,21572,21580,3507,1,
,09:24:00,21580,21580,21580,3507,1,
,09:24:00,21580,21578,21578,3509,2,
,09:24:01,21580,21578,21578,3509,2,
,09:24:01,21580,21577,21577,3510,1,
,09:24:02,21580,21577,21577,3510,1,
,09:24:02,21580,21577,21577,3511,1,
,09:24:03,21580,21576,21576,3512,1,
,09:24:03,21580,21576,21579,3514,2,
,09:24:04,21580,21576,21579,3514,2,
,09:24:04,21580,21576,21576,3515,1,
,09:24:06,21580,21576,21576,3515,1,
,09:24:06,21580,21576,21577,3524,9,
,09:24:07,21580,21576,21577,3528,4,
,09:24:08,21580,21576,21577,3528,4,
,09:24:08,21580,21576,21577,3529,1,
,09:24:10,21580,21575,21575,3534,5,
,09:24:11,21580,21575,21575,3534,5,
,09:24:12,21580,21574,21574,3535,1,
,09:24:12,21580,21574,21574,3535,1,
,09:24:13,21580,21573,21573,3536,1,
,09:24:14,21580,21573,21573,3536,1,
,09:24:14,21580,21573,21573,3537,1,
,09:24:19,21580,21569,21569,3568,31,
,09:24:20,21580,21569,21569,3568,31,
,09:24:20,21580,21568,21570,3571,3,
,09:24:21,21580,21568,21570,3594,23,
,09:24:22,21580,21568,21570,3594,23,
,09:24:22,21580,21568,21571,3601,7,
,09:24:23,21580,21568,21571,3601,7,
,09:24:23,21580,21568,21571,3605,4,
,09:24:24,21580,21568,21573,3608,3,
,09:24:24,21580,21568,21573,3610,2,
,09:24:25,21580,21568,21572,3611,1,
,09:24:25,21580,21568,21575,3621,10,
,09:24:26,21580,21568,21575,3622,1,
,09:24:26,21580,21568,21574,3627,5,
,09:24:27,21580,21568,21574,3628,1,
,09:24:28,21580,21568,21574,3628,1,
,09:24:29,21580,21568,21575,3631,3,
,09:24:30,21580,21568,21577,3637,6,
,09:24:31,21580,21568,21577,3637,6,
,09:24:31,21580,21568,21578,3643,6,
,09:24:32,21580,21568,21578,3643,6,
,09:24:32,21580,21568,21577,3652,9,
,09:24:33,21580,21568,21577,3653,1,
,09:24:34,21580,21568,21577,3653,1,
,09:24:34,21580,21568,21575,3654,1,
,09:24:35,21580,21568,21573,3658,4,
,09:24:36,21580,21568,21573,3658,4,
,09:24:36,21580,21568,21573,3659,1,
,09:24:37,21580,21568,21573,3659,1,
,09:24:38,21580,21568,21573,3659,1,
,09:24:39,21580,21568,21573,3659,1,
,09:24:39,21580,21568,21573,3661,2,
,09:24:40,21580,21568,21573,3661,2,
,09:24:40,21580,21568,21572,3663,2,
,09:24:41,21580,21568,21572,3663,2,
,09:24:42,21580,21568,21572,3664,1,
,09:24:42,21580,21568,21572,3664,1,
,09:24:44,21580,21568,21574,3669,5,
,09:24:45,21580,21568,21574,3669,5,
,09:24:46,21580,21568,21578,3679,10,
,09:24:47,21580,21568,21576,3682,3,
,09:24:48,21580,21568,21576,3682,3,
,09:24:49,21580,21568,21575,3683,1,
,09:24:49,21580,21568,21574,3685,2,
,09:24:50,21580,21568,21574,3685,2,
,09:24:51,21580,21568,21574,3685,2,
,09:24:51,21580,21568,21573,3686,1,
,09:24:52,21580,21568,21574,3687,1,
,09:24:53,21580,21568,21573,3688,1,
,09:24:54,21580,21568,21573,3688,1,
,09:24:54,21580,21568,21573,3691,3,
,09:24:55,21580,21568,21572,3692,1,
,09:24:55,21580,21568,21574,3695,3,
,09:24:56,21580,21568,21574,3695,3,
,09:24:56,21580,21568,21573,3696,1,
,09:24:57,21580,21568,21573,3698,2,
,09:24:57,21580,21568,21573,3698,2,
,09:24:59,21580,21568,21573,3698,2,
,09:25:00,21574,21574,21574,3699,1,
,09:25:00,21574,21574,21574,3700,1,
,09:25:01,21574,21573,21573,3705,5,
,09:25:02,21574,21573,21573,3705,5,
,09:25:02,21574,21573,21573,3706,1,
,09:25:03,21574,21573,21573,3706,1,
,09:25:04,21574,21571,21571,3723,17,
,09:25:05,21574,21571,21571,3723,17,
,09:25:05,21574,21570,21570,3724,1,
,09:25:06,21574,21570,21570,3724,1,
,09:25:06,21574,21570,21571,3726,2,
,09:25:07,21574,21570,21571,3726,2,
,09:25:08,21574,21570,21571,3726,2,
,09:25:09,21574,21570,21571,3726,2,
,09:25:09,21574,21570,21572,3727,1,
,09:25:10,21574,21570,21572,3727,1,
,09:25:10,21574,21570,21571,3731,4,
,09:25:11,21574,21569,21569,3732,1,
,09:25:11,21574,21569,21570,3733,1,
,09:25:12,21574,21569,21570,3733,1,
,09:25:13,21574,21568,21568,3736,3,
,09:25:14,21574,21568,21568,3737,1,
,09:25:14,21574,21568,21570,3740,3,
,09:25:15,21574,21565,21565,3760,20,
,09:25:16,21574,21565,21566,3761,1,
,09:25:16,21574,21564,21564,3769,8,
,09:25:17,21574,21564,21565,3778,9,
,09:25:18,21574,21564,21567,3790,12,
,09:25:19,21574,21564,21567,3791,1,
,09:25:19,21574,21564,21566,3794,3,
,09:25:20,21574,21564,21566,3794,3,
,09:25:20,21574,21564,21569,3799,5,
,09:25:21,21574,21564,21569,3800,1,
,09:25:21,21574,21564,21571,3809,9,
,09:25:22,21574,21564,21573,3822,13,
,09:25:23,21574,21564,21572,3823,1,
,09:25:24,21574,21564,21572,3823,1,
,09:25:24,21574,21564,21570,3828,5,
,09:25:25,21574,21564,21570,3829,1,
,09:25:26,21574,21564,21569,3830,1,
,09:25:26,21574,21564,21571,3833,3,
,09:25:27,21574,21564,21571,3833,3,
,09:25:27,21574,21564,21572,3834,1,
,09:25:28,21574,21564,21571,3836,2,
,09:25:29,21574,21564,21571,3839,3,
,09:25:30,21574,21564,21571,3839,3,
,09:25:30,21574,21564,21571,3841,2,
,09:25:31,21574,21564,21571,3841,2,
,09:25:31,21574,21564,21571,3842,1,
,09:25:32,21574,21564,21571,3842,1,
,09:25:33,21574,21564,21571,3842,1,
,09:25:34,21574,21564,21572,3850,8,
,09:25:35,21574,21564,21572,3850,8,
,09:25:36,21574,21564,21570,3851,1,
,09:25:37,21574,21564,21570,3852,1,
,09:25:38,21574,21564,21571,3854,2,
,09:25:38,21574,21564,21574,3856,2,
,09:25:39,21576,21564,21576,3868,12,
,09:25:40,21576,21564,21576,3868,12,
,09:25:40,21576,21564,21573,3870,2,
,09:25:41,21576,21564,21573,3870,2,
,09:25:41,21576,21564,21571,3873,3,
,09:25:42,21576,21564,21571,3873,3,
,09:25:42,21576,21564,21575,3874,1,
,09:25:43,21576,21564,21575,3874,1,
,09:25:43,21576,21564,21574,3875,1,
,09:25:44,21576,21564,21576,3878,3,
,09:25:44,21577,21564,21577,3879,1,
,09:25:45,21577,21564,21576,3880,1,
,09:25:45,21577,21564,21571,3894,14,
,09:25:46,21577,21564,21570,3896,2,
,09:25:47,21577,21564,21570,3896,2,
,09:25:47,21577,21564,21566,3899,3,
,09:25:48,21577,21564,21566,3904,5,
,09:25:49,21577,21564,21566,3904,5,
,09:25:49,21577,21564,21566,3907,3,
,09:25:50,21577,21564,21568,3908,1,
,09:25:50,21577,21564,21569,3909,1,
,09:25:51,21577,21564,21571,3912,3,
,09:25:52,21577,21564,21571,3915,3,
,09:25:53,21577,21564,21571,3915,3,
,09:25:53,21577,21564,21570,3916,1,
,09:25:54,21577,21564,21570,3916,1,
,09:25:54,21577,21564,21569,3919,3,
,09:25:55,21577,21564,21571,3920,1,
,09:25:55,21577,21564,21569,3944,24,
,09:25:56,21577,21564,21569,3944,24,
,09:25:57,21577,21564,21569,3944,24,
,09:25:57,21577,21564,21572,3945,1,
,09:25:58,21577,21564,21572,3945,1,
,09:25:58,21577,21564,21577,3951,6,
,09:25:59,21577,21564,21575,3952,1,
,09:25:59,21577,21564,21575,3954,2,
,09:26:00,21575,21575,21575,3954,2,
,09:26:00,21575,21570,21570,3960,6,
,09:26:01,21575,21570,21570,3961,1,
,09:26:01,21575,21568,21568,3974,13,
,09:26:02,21575,21568,21568,3974,13,
,09:26:02,21575,21568,21568,3975,1,
,09:26:03,21575,21568,21570,3976,1,
,09:26:03,21575,21568,21568,3980,4,
,09:26:04,21575,21568,21568,3980,4,
,09:26:04,21575,21567,21567,3981,1,
,09:26:05,21575,21567,21567,3983,2,
,09:26:06,21575,21567,21568,3984,1,
,09:26:07,21575,21566,21566,3995,11,
,09:26:07,21575,21565,21569,4004,9,
,09:26:08,21575,21565,21569,4004,9,
,09:26:08,21575,21565,21571,4016,12,
,09:26:09,21575,21565,21571,4016,12,
,09:26:10,21575,21565,21568,4021,5,
,09:26:11,21575,21565,21568,4021,5,
,09:26:11,21575,21563,21563,4031,10,
,09:26:12,21575,21563,21563,4040,9,
,09:26:13,21575,21563,21564,4041,1,
,09:26:13,21575,21563,21567,4048,7,
,09:26:14,21575,21563,21569,4053,5,
,09:26:15,21575,21563,21567,4054,1,
,09:26:15,21575,21563,21569,4056,2,
,09:26:16,21575,21563,21571,4069,13,
,09:26:17,21575,21563,21571,4069,13,
,09:26:17,21575,21563,21574,4080,11,
,09:26:18,21575,21563,21574,4080,11,
,09:26:18,21575,21563,21575,4088,8,
,09:26:19,21575,21563,21575,4088,8,
,09:26:19,21575,21563,21571,4093,5,
,09:26:20,21575,21563,21571,4093,5,
,09:26:21,21575,21563,21572,4094,1,
,09:26:21,21575,21563,21573,4095,1,
,09:26:22,21575,21563,21573,4096,1,
,09:26:22,21575,21563,21573,4099,3,
,09:26:23,21575,21563,21573,4099,3,
,09:26:24,21575,21563,21573,4099,3,
,09:26:24,21575,21563,21571,4105,6,
,09:26:25,21575,21563,21571,4105,6,
,09:26:25,21575,21563,21572,4106,1,
,09:26:26,21575,21563,21572,4106,1,
,09:26:29,21575,21563,21572,4107,1,
,09:26:29,21575,21563,21570,4108,1,
,09:26:30,21575,21563,21572,4110,2,
,09:26:30,21575,21563,21572,4110,2,
,09:26:31,21575,21563,21573,4111,1,
,09:26:31,21575,21563,21574,4116,5,
,09:26:32,21575,21563,21574,4116,5,
,09:26:32,21575,21563,21574,4117,1,
,09:26:33,21575,21563,21574,4118,1,
,09:26:33,21578,21563,21578,4142,24,
,09:26:34,21579,21563,21579,4144,2,
,09:26:34,21579,21563,21579,4146,2,
,09:26:35,21579,21563,21579,4146,2,
,09:26:35,21582,21563,21582,4167,21,
,09:26:36,21583,21563,21583,4178,11,
,09:26:37,21583,21563,21583,4178,11,
,09:26:37,21585,21563,21581,4201,23,
,09:26:38,21585,21563,21580,4202,1,
,09:26:38,21585,21563,21579,4205,3,
,09:26:39,21585,21563,21582,4220,15,
,09:26:40,21585,21563,21582,4220,15,
,09:26:40,21585,21563,21582,4221,1,
,09:26:41,21585,21563,21582,4221,1,
,09:26:41,21585,21563,21582,4226,5,
,09:26:42,21585,21563,21584,4227,1,
,09:26:42,21585,21563,21585,4230,3,
,09:26:43,21586,21563,21586,4231,1,
,09:26:43,21592,21563,21589,4267,36,
,09:26:44,21592,21563,21591,4268,1,
,09:26:44,21593,21563,21593,4284,16,
,09:26:45,21594,21563,21591,4296,12,
,09:26:46,21594,21563,21592,4297,1,
,09:26:46,21594,21563,21593,4301,4,
,09:26:47,21595,21563,21593,4321,20,
,09:26:48,21595,21563,21593,4334,13,
,09:26:49,21595,21563,21595,4335,1,
,09:26:49,21596,21563,21590,4351,16,
,09:26:50,21596,21563,21588,4352,1,
,09:26:50,21596,21563,21589,4355,3,
,09:26:51,21596,21563,21587,4356,1,
,09:26:51,21596,21563,21588,4381,25,
,09:26:52,21596,21563,21586,4384,3,
,09:26:53,21596,21563,21588,4385,1,
,09:26:53,21596,21563,21589,4388,3,
,09:26:54,21596,21563,21592,4390,2,
,09:26:54,21596,21563,21591,4401,11,
,09:26:55,21596,21563,21592,4422,21,
,09:26:56,21596,21563,21592,4422,21,
,09:26:56,21596,21563,21591,4426,4,
,09:26:57,21596,21563,21593,4432,6,
,09:26:58,21596,21563,21593,4432,6,
,09:26:58,21596,21563,21591,4434,2,
,09:26:59,21597,21563,21597,4455,21,
,09:27:00,21597,21597,21597,4456,1,
,09:27:00,21604,21597,21600,4512,56,
,09:27:01,21604,21597,21602,4513,1,
,09:27:01,21604,21596,21600,4553,40,
,09:27:02,21604,21596,21602,4554,1,
,09:27:02,21604,21596,21601,4583,29,
,09:27:03,21604,21595,21595,4591,8,
,09:27:04,21604,21594,21595,4615,24,
,09:27:05,21604,21594,21596,4617,2,
,09:27:06,21604,21594,21596,4619,2,
,09:27:06,21604,21594,21597,4620,1,
,09:27:07,21604,21594,21601,4628,8,
,09:27:08,21604,21594,21601,4643,15,
,09:27:09,21604,21594,21603,4644,1,
,09:27:09,21604,21594,21599,4649,5,
,09:27:10,21604,21594,21601,4650,1,
,09:27:10,21604,21594,21598,4654,4,
,09:27:11,21604,21594,21599,4655,1,
,09:27:11,21604,21594,21600,4664,9,
,09:27:12,21604,21594,21598,4666,2,
,09:27:12,21604,21594,21597,4677,11,
,09:27:13,21604,21594,21597,4678,1,
,09:27:13,21604,21594,21596,4693,15,
,09:27:14,21604,21594,21595,4694,1,
,09:27:14,21604,21594,21599,4699,5,
,09:27:15,21604,21594,21599,4699,5,
,09:27:15,21604,21594,21598,4700,1,
,09:27:16,21604,21594,21600,4701,1,
,09:27:17,21604,21594,21600,4704,3,
,09:27:18,21604,21594,21601,4705,1,
,09:27:18,21604,21594,21601,4708,3,
,09:27:19,21604,21594,21600,4709,1,
,09:27:19,21604,21594,21602,4713,4,
,09:27:20,21606,21594,21606,4730,17,
,09:27:21,21608,21594,21608,4751,21,
,09:27:22,21609,21594,21606,4767,16,
,09:27:23,21610,21594,21606,4793,26,
,09:27:24,21610,21594,21607,4801,8,
,09:27:25,21610,21594,21609,4802,1,
,09:27:25,21610,21594,21605,4824,22,
,09:27:26,21610,21594,21606,4826,2,
,09:27:26,21610,21594,21604,4827,1,
,09:27:27,21610,21594,21605,4828,1,
,09:27:27,21610,21594,21604,4839,11,
,09:27:28,21610,21594,21606,4840,1,
,09:27:28,21610,21594,21608,4845,5,
,09:27:29,21614,21594,21613,4866,21,
,09:27:30,21614,21594,21610,4867,1,
,09:27:30,21614,21594,21608,4879,12,
,09:27:31,21614,21594,21604,4891,12,
,09:27:32,21614,21594,21603,4892,1,
,09:27:32,21614,21594,21604,4925,33,
,09:27:33,21614,21594,21604,4925,33,
,09:27:33,21614,21594,21604,4928,3,
,09:27:34,21614,21594,21604,4928,3,
,09:27:34,21614,21594,21601,4951,23,
,09:27:35,21614,21594,21601,4951,23,
,09:27:35,21614,21594,21605,4955,4,
,09:27:36,21614,21594,21603,4956,1,
,09:27:36,21614,21594,21606,4962,6,
,09:27:37,21614,21594,21606,4962,6,
,09:27:38,21614,21594,21606,4962,6,
,09:27:38,21614,21594,21606,4963,1,
,09:27:39,21614,21594,21611,4976,13,
,09:27:40,21615,21594,21615,4985,9,
,09:27:41,21616,21594,21607,5001,16,
,09:27:42,21616,21594,21602,5033,32,
,09:27:43,21616,21594,21602,5033,32,
,09:27:43,21616,21594,21603,5039,6,
,09:27:44,21616,21594,21605,5040,1,
,09:27:44,21616,21594,21606,5046,6,
,09:27:45,21616,21594,21606,5046,6,
,09:27:45,21616,21594,21605,5073,27,
,09:27:46,21616,21594,21603,5083,10,
,09:27:47,21616,21594,21603,5083,10,
,09:27:47,21616,21594,21608,5097,14,
,09:27:48,21616,21594,21608,5097,14,
,09:27:48,21616,21594,21609,5104,7,
,09:27:49,21616,21594,21609,5114,10,
,09:27:50,21616,21594,21609,5114,10,
,09:27:50,21616,21594,21606,5116,2,
,09:27:51,21616,21594,21606,5117,1,
,09:27:51,21616,21594,21611,5140,23,
,09:27:52,21616,21594,21611,5140,23,
,09:27:52,21616,21594,21614,5152,12,
,09:27:53,21616,21594,21614,5152,12,
,09:27:53,21616,21594,21609,5156,4,
,09:27:54,21616,21594,21609,5156,4,
,09:27:54,21616,21594,21606,5168,12,
,09:27:55,21616,21594,21606,5168,12,
,09:27:55,21616,21594,21607,5179,11,
,09:27:56,21616,21594,21607,5179,11,
,09:27:56,21616,21594,21607,5182,3,
,09:27:57,21616,21594,21608,5185,3,
,09:27:57,21616,21594,21608,5190,5,
,09:27:58,21616,21594,21608,5190,5,
,09:27:59,21616,21594,21608,5190,5,
,09:27:59,21616,21594,21608,5194,4,
,09:28:00,21608,21608,21608,5194,4,
,09:28:00,21608,21607,21608,5200,6,
,09:28:01,21608,21607,21607,5201,1,
,09:28:01,21608,21605,21606,5205,4,
,09:28:02,21608,21605,21607,5208,3,
,09:28:03,21608,21605,21607,5208,3,
,09:28:03,21609,21605,21608,5211,3,
,09:28:04,21609,21605,21607,5212,1,
,09:28:04,21609,21605,21606,5216,4,
,09:28:05,21609,21603,21605,5217,1,
,09:28:06,21609,21603,21603,5223,6,
,09:28:06,21609,21602,21603,5231,8,
,09:28:07,21609,21602,21603,5231,8,
,09:28:07,21609,21600,21603,5239,8,
,09:28:08,21609,21600,21604,5240,1,
,09:28:08,21609,21600,21603,5242,2,
,09:28:09,21609,21600,21603,5243,1,
,09:28:09,21609,21600,21601,5246,3,
,09:28:10,21609,21600,21601,5246,3,
,09:28:10,21609,21599,21599,5247,1,
,09:28:11,21609,21594,21595,5266,19,
,09:28:12,21609,21594,21595,5266,19,
,09:28:12,21609,21594,21597,5274,8,
,09:28:13,21609,21594,21603,5283,9,
,09:28:14,21609,21594,21601,5285,2,
,09:28:14,21609,21594,21600,5287,2,
,09:28:15,21609,21594,21602,5288,1,
,09:28:16,21609,21594,21600,5297,9,
,09:28:17,21609,21594,21601,5300,3,
,09:28:18,21609,21594,21601,5306,6,
,09:28:19,21609,21594,21601,5306,6,
,09:28:19,21609,21594,21601,5308,2,
,09:28:20,21609,21594,21600,5309,1,
,09:28:21,21609,21594,21599,5310,1,
,09:28:21,21609,21594,21598,5316,6,
,09:28:22,21609,21594,21600,5319,3,
,09:28:22,21609,21594,21600,5320,1,
,09:28:23,21609,21594,21600,5320,1,
,09:28:24,21609,21594,21600,5320,1,
,09:28:24,21609,21594,21601,5321,1,
,09:28:27,21609,21594,21600,5333,12,
,09:28:28,21609,21594,21600,5336,3,
,09:28:29,21609,21594,21601,5337,1,
,09:28:30,21609,21594,21602,5344,7,
,09:28:31,21609,21594,21602,5347,3,
,09:28:32,21609,21594,21604,5350,3,
,09:28:33,21609,21594,21602,5353,3,
,09:28:34,21609,21594,21602,5354,1,
,09:28:34,21609,21594,21602,5355,1,
,09:28:36,21609,21594,21602,5357,2,
,09:28:37,21609,21594,21600,5375,18,
,09:28:38,21609,21594,21600,5376,1,
,09:28:39,21609,21594,21600,5376,1,
,09:28:39,21609,21594,21600,5379,3,
,09:28:40,21609,21594,21600,5379,3,
,09:28:40,21609,21594,21598,5384,5,
,09:28:42,21609,21594,21598,5385,1,
,09:28:42,21609,21594,21596,5390,5,
,09:28:43,21609,21594,21596,5392,2,
,09:28:44,21609,21594,21598,5393,1,
,09:28:46,21609,21594,21599,5402,9,
,09:28:47,21609,21594,21598,5403,1,
,09:28:47,21609,21594,21598,5403,1,
,09:28:48,21609,21594,21598,5404,1,
,09:28:49,21609,21594,21596,5405,1,
,09:28:49,21609,21594,21596,5406,1,
,09:28:50,21609,21594,21595,5407,1,
,09:28:51,21609,21594,21595,5407,1,
,09:28:51,21609,21593,21593,5413,6,
,09:28:52,21609,21590,21590,5426,13,
,09:28:53,21609,21590,21590,5426,13,
,09:28:53,21609,21590,21592,5429,3,
,09:28:54,21609,21590,21593,5434,5,
,09:28:55,21609,21590,21594,5435,1,
,09:28:56,21609,21590,21594,5435,1,
,09:28:57,21609,21590,21594,5438,3,
,09:28:58,21609,21590,21593,5439,1,
,09:28:59,21609,21590,21593,5441,2,
,09:28:59,21609,21590,21593,5442,1,
,09:29:00,21594,21594,21594,5443,1,
,09:29:00,21594,21593,21593,5445,2,
,09:29:01,21594,21592,21592,5460,15,
,09:29:02,21594,21591,21591,5463,3,
,09:29:03,21594,21589,21590,5473,10,
,09:29:04,21594,21589,21589,5474,1,
,09:29:04,21594,21587,21588,5487,13,
,09:29:05,21594,21586,21586,5488,1,
,09:29:06,21594,21586,21587,5492,4,
,09:29:06,21594,21586,21586,5498,6,
,09:29:07,21594,21585,21585,5499,1,
,09:29:07,21594,21585,21588,5508,9,
,09:29:08,21594,21585,21588,5509,1,
,09:29:09,21594,21585,21587,5510,1,
,09:29:09,21594,21585,21592,5528,18,
,09:29:10,21596,21585,21596,5534,6,
,09:29:11,21596,21585,21594,5538,4,
,09:29:12,21596,21585,21594,5538,4,
,09:29:12,21596,21585,21592,5539,1,
,09:29:13,21596,21585,21592,5539,1,
,09:29:13,21596,21585,21592,5542,3,
,09:29:14,21596,21585,21593,5544,2,
,09:29:16,21596,21585,21593,5544,2,
,09:29:17,21596,21585,21594,5545,1,
,09:29:17,21596,21585,21592,5546,1,
,09:29:18,21596,21585,21592,5546,1,
,09:29:18,21596,21585,21594,5548,2,
,09:29:19,21596,21585,21592,5555,7,
,09:29:20,21596,21585,21592,5555,7,
,09:29:20,21596,21585,21591,5559,4,
,09:29:21,21596,21585,21591,5560,1,
,09:29:21,21596,21585,21592,5565,5,
,09:29:22,21596,21585,21592,5567,2,
,09:29:23,21596,21585,21593,5581,14,
,09:29:24,21596,21585,21592,5582,1,
,09:29:24,21596,21585,21595,5588,6,
,09:29:25,21596,21585,21593,5591,3,
,09:29:26,21596,21585,21593,5591,3,
,09:29:27,21596,21585,21592,5593,2,
,09:29:27,21596,21585,21592,5598,5,
,09:29:29,21596,21585,21592,5598,5,
,09:29:29,21596,21585,21594,5599,1,
,09:29:30,21596,21585,21595,5600,1,
,09:29:30,21596,21585,21595,5603,3,
,09:29:31,21596,21585,21594,5605,2,
,09:29:31,21596,21585,21594,5612,7,
,09:29:32,21596,21585,21594,5612,7,
,09:29:32,21596,21585,21593,5614,2,
,09:29:34,21596,21585,21594,5615,1,
,09:29:34,21596,21585,21594,5615,1,
,09:29:35,21596,21585,21594,5620,5,
,09:29:35,21596,21585,21595,5621,1,
,09:29:36,21596,21585,21595,5621,1,
,09:29:36,21596,21585,21595,5671,50,
,09:29:37,21596,21585,21595,5673,2,
,09:29:38,21596,21585,21595,5673,2,
,09:29:39,21596,21585,21592,5674,1,
,09:29:40,21596,21585,21592,5674,1,
,09:29:41,21596,21585,21592,5674,1,
,09:29:41,21596,21585,21592,5679,5,
,09:29:42,21596,21585,21592,5679,5,
,09:29:42,21596,21585,21592,5679,5,
,09:29:43,21596,21585,21593,5691,12,
,09:29:44,21596,21585,21593,5691,12,
,09:29:45,21596,21585,21594,5692,1,
,09:29:45,21596,21585,21594,5694,2,
,09:29:47,21596,21585,21592,5695,1,
,09:29:47,21596,21585,21592,5695,1,
,09:29:49,21596,21585,21594,5696,1,
,09:29:49,21596,21585,21592,5698,2,
,09:29:50,21596,21585,21592,5698,2,
,09:29:51,21596,21585,21592,5700,2,
,09:29:51,21596,21585,21591,5701,1,
,09:29:52,21596,21585,21591,5713,12,
,09:29:53,21596,21585,21590,5714,1,
,09:29:53,21596,21585,21589,5734,20,
,09:29:54,21596,21585,21589,5734,20,
,09:29:54,21596,21585,21588,5735,1,
,09:29:55,21596,21585,21588,5735,1,
,09:29:55,21596,21585,21588,5738,3,
,09:29:56,21596,21585,21590,5746,8,
,09:29:57,21596,21585,21590,5746,8,
,09:29:57,21596,21585,21587,5748,2,
,09:29:58,21596,21585,21587,5748,2,
,09:29:58,21596,21585,21585,5760,12,
,09:29:59,21596,21585,21585,5760,12,
,09:29:59,21596,21585,21588,5779,19,
,09:30:00,21587,21587,21587,5782,3,
,09:30:00,21589,21583,21585,5843,61,
,09:30:01,21589,21582,21585,5885,42,
,09:30:02,21589,21582,21586,5888,3,
,09:30:02,21589,21582,21584,5891,3,
,09:30:03,21589,21582,21586,5892,1,
,09:30:03,21589,21582,21585,5907,15,
,09:30:03,21595,21582,21595,5940,33,
,09:30:04,21595,21582,21587,5971,31,
,09:30:05,21595,21582,21591,5992,21,
,09:30:06,21597,21582,21597,6009,17,
,09:30:07,21601,21582,21599,6024,15,
,09:30:08,21604,21582,21602,6041,17,
,09:30:09,21604,21582,21602,6041,17,
,09:30:09,21604,21582,21604,6051,10,
,09:30:10,21605,21582,21601,6067,16,
,09:30:11,21605,21582,21600,6086,19,
,09:30:12,21605,21582,21601,6101,15,
,09:30:13,21605,21582,21595,6110,9,
,09:30:14,21605,21582,21595,6111,1,
,09:30:14,21605,21582,21594,6118,7,
,09:30:15,21605,21582,21594,6123,5,
,09:30:16,21605,21582,21594,6124,1,
,09:30:16,21605,21582,21594,6144,20,
,09:30:17,21605,21582,21594,6145,1,
,09:30:17,21605,21582,21597,6148,3,
,09:30:18,21605,21582,21598,6151,3,
,09:30:18,21605,21582,21602,6167,16,
,09:30:19,21605,21582,21603,6186,19,
,09:30:20,21605,21582,21604,6197,11,
,09:30:21,21605,21582,21600,6215,18,
,09:30:22,21605,21582,21599,6217,2,
,09:30:22,21605,21582,21596,6218,1,
,09:30:23,21605,21582,21596,6218,1,
,09:30:23,21605,21582,21595,6219,1,
,09:30:24,21605,21582,21596,6220,1,
,09:30:24,21605,21582,21596,6226,6,
,09:30:25,21605,21582,21596,6226,6,
,09:30:25,21605,21582,21596,6227,1,
,09:30:26,21605,21582,21591,6234,7,
,09:30:27,21605,21582,21592,6235,1,
,09:30:27,21605,21582,21593,6239,4,
,09:30:28,21605,21582,21594,6245,6,
,09:30:28,21605,21582,21593,6252,7,
,09:30:29,21605,21582,21593,6259,7,
,09:30:30,21605,21582,21590,6276,17,
,09:30:30,21605,21582,21590,6291,15,
,09:30:31,21605,21582,21590,6291,15,
,09:30:31,21605,21582,21588,6297,6,
,09:30:32,21605,21582,21589,6315,18,
,09:30:33,21605,21582,21590,6316,1,
,09:30:34,21605,21582,21591,6317,1,
,09:30:34,21605,21582,21590,6343,26,
,09:30:35,21605,21582,21590,6343,26,
,09:30:35,21605,21582,21588,6350,7,
,09:30:36,21605,21582,21588,6350,7,
,09:30:36,21605,21582,21589,6353,3,
,09:30:37,21605,21582,21589,6354,1,
,09:30:37,21605,21582,21590,6359,5,
,09:30:38,21605,21582,21589,6363,4,
,09:30:39,21605,21582,21589,6363,4,
,09:30:39,21605,21582,21590,6367,4,
,09:30:40,21605,21582,21590,6368,1,
,09:30:40,21605,21582,21589,6374,6,
,09:30:41,21605,21582,21590,6375,1,
,09:30:42,21605,21582,21590,6376,1,
,09:30:42,21605,21582,21589,6392,16,
,09:30:43,21605,21582,21589,6392,16,
,09:30:43,21605,21582,21586,6401,9,
,09:30:44,21605,21582,21586,6401,9,
,09:30:45,21605,21582,21586,6402,1,
,09:30:45,21605,21582,21585,6425,23,
,09:30:46,21605,21582,21585,6425,23,
,09:30:46,21605,21582,21584,6427,2,
,09:30:47,21605,21582,21583,6431,4,
,09:30:47,21605,21582,21583,6448,17,
,09:30:48,21605,21582,21583,6448,17,
,09:30:48,21605,21582,21584,6457,9,
,09:30:49,21605,21582,21585,6459,2,
,09:30:49,21605,21582,21586,6464,5,
,09:30:50,21605,21582,21587,6479,15,
,09:30:51,21605,21582,21585,6489,10,
,09:30:52,21605,21582,21585,6491,2,
,09:30:52,21605,21582,21584,6493,2,
,09:30:53,21605,21581,21583,6519,26,
,09:30:54,21605,21580,21580,6543,24,
,09:30:55,21605,21580,21582,6544,1,
,09:30:55,21605,21580,21580,6551,7,
,09:30:56,21605,21580,21585,6591,40,
,09:30:57,21605,21580,21586,6597,6,
,09:30:58,21605,21580,21587,6601,4,
,09:30:59,21605,21580,21590,6634,33,
,09:31:00,21591,21591,21591,6635,1,
,09:31:00,21591,21590,21590,6636,1,
,09:31:01,21597,21590,21591,6729,93,
,09:31:02,21597,21590,21594,6742,13,
,09:31:03,21599,21590,21597,6755,13,
,09:31:04,21599,21590,21599,6756,1,
,09:31:04,21599,21590,21596,6775,19,
,09:31:05,21599,21590,21595,6778,3,
,09:31:06,21599,21590,21595,6778,3,
,09:31:07,21599,21590,21595,6778,3,
,09:31:07,21599,21590,21593,6780,2,
,09:31:08,21599,21590,21592,6781,1,
,09:31:09,21599,21590,21591,6782,1,
,09:31:09,21599,21590,21591,6790,8,
,09:31:10,21599,21590,21591,6790,8,
,09:31:10,21599,21588,21588,6793,3,
,09:31:11,21599,21588,21589,6801,8,
,09:31:12,21599,21588,21592,6827,26,
,09:31:13,21599,21588,21592,6827,26,
,09:31:13,21599,21588,21589,6831,4,
,09:31:14,21599,21586,21588,6837,6,
,09:31:15,21599,21586,21588,6837,6,
,09:31:15,21599,21586,21586,6846,9,
,09:31:16,21599,21586,21586,6847,1,
,09:31:16,21599,21586,21589,6854,7,
,09:31:17,21599,21586,21589,6855,1,
,09:31:17,21599,21586,21594,6867,12,
,09:31:18,21599,21586,21592,6872,5,
,09:31:19,21599,21586,21592,6872,5,
,09:31:19,21599,21586,21594,6880,8,
,09:31:20,21599,21586,21594,6880,8,
,09:31:21,21599,21586,21594,6880,8,
,09:31:22,21599,21586,21597,6892,12,
,09:31:23,21599,21586,21599,6908,16,
,09:31:24,21599,21586,21599,6908,16,
,09:31:24,21600,21586,21599,6925,17,
,09:31:25,21600,21586,21600,6927,2,
,09:31:25,21600,21586,21598,6933,6,
,09:31:26,21600,21586,21592,6998,65,
,09:31:27,21600,21586,21592,6998,65,
,09:31:27,21600,21586,21592,6998,65,
,09:31:28,21600,21586,21589,7004,6,
,09:31:29,21600,21586,21590,7005,1,
,09:31:29,21600,21586,21590,7013,8,
,09:31:30,21600,21586,21590,7013,8,
,09:31:30,21600,21586,21590,7014,1,
,09:31:31,21600,21586,21590,7014,1,
,09:31:31,21600,21586,21590,7021,7,
,09:31:32,21600,21586,21592,7035,14,
,09:31:33,21600,21586,21592,7035,14,
,09:31:34,21600,21586,21590,7104,69,
,09:31:35,21600,21586,21591,7106,2,
,09:31:36,21600,21586,21589,7108,2,
,09:31:37,21600,21586,21588,7109,1,
,09:31:37,21600,21586,21586,7116,7,
,09:31:38,21600,21586,21589,7126,10,
,09:31:39,21600,21586,21589,7126,10,
,09:31:39,21600,21586,21589,7130,4,
,09:31:40,21600,21586,21588,7131,1,
,09:31:40,21600,21586,21586,7134,3,
,09:31:41,21600,21586,21586,7134,3,
,09:31:41,21600,21583,21584,7154,20,
,09:31:42,21600,21583,21585,7155,1,
,09:31:42,21600,21581,21584,7183,28,
,09:31:43,21600,21581,21583,7187,4,
,09:31:44,21600,21581,21583,7188,1,
,09:31:44,21600,21581,21581,7190,2,
,09:31:44,21600,21581,21582,7191,1,
,09:31:45,21600,21581,21582,7191,1,
,09:31:45,21600,21581,21583,7197,6,
,09:31:46,21600,21581,21583,7198,1,
,09:31:46,21600,21581,21584,7211,13,
,09:31:47,21600,21581,21584,7211,13,
,09:31:47,21600,21581,21584,7213,2,
,09:31:48,21600,21581,21586,7214,1,
,09:31:48,21600,21581,21586,7217,3,
,09:31:49,21600,21581,21589,7227,10,
,09:31:50,21600,21581,21589,7227,10,
,09:31:50,21600,21581,21586,7241,14,
,09:31:51,21600,21581,21586,7241,14,
,09:31:52,21600,21581,21585,7242,1,
,09:31:53,21600,21581,21585,7242,1,
,09:31:54,21600,21581,21585,7242,1,
,09:31:54,21600,21581,21583,7245,3,
,09:31:55,21600,21581,21582,7246,1,
,09:31:55,21600,21580,21580,7260,14,
,09:31:56,21600,21580,21580,7260,14,
,09:31:56,21600,21576,21576,7279,19,
,09:31:57,21600,21575,21576,7295,16,
,09:31:58,21600,21575,21578,7308,13,
,09:31:59,21600,21575,21579,7310,2,
,09:31:59,21600,21575,21579,7324,14,
,09:32:00,21579,21579,21579,7324,14,
,09:32:00,21579,21578,21578,7333,9,
,09:32:01,21579,21576,21576,7334,1,
,09:32:01,21579,21573,21574,7358,24,
,09:32:02,21579,21571,21571,7365,7,
,09:32:03,21579,21571,21571,7365,7,
,09:32:03,21579,21570,21570,7374,9,
,09:32:04,21579,21570,21570,7375,1,
,09:32:04,21579,21570,21572,7399,24,
,09:32:05,21579,21570,21572,7420,21,
,09:32:06,21579,21570,21578,7453,33,
,09:32:07,21579,21570,21576,7456,3,
,09:32:08,21579,21570,21575,7464,8,
,09:32:09,21579,21570,21574,7470,6,
,09:32:10,21579,21570,21574,7470,6,
,09:32:10,21579,21570,21575,7472,2,
,09:32:11,21579,21570,21575,7472,2,
,09:32:11,21579,21570,21576,7479,7,
,09:32:12,21579,21570,21576,7479,7,
,09:32:12,21582,21570,21575,7507,28,
,09:32:13,21582,21570,21575,7507,28,
,09:32:13,21582,21570,21577,7508,1,
,09:32:14,21582,21570,21574,7515,7,
,09:32:15,21582,21570,21574,7515,7,
,09:32:15,21582,21570,21574,7517,2,
,09:32:16,21582,21570,21574,7529,12,
,09:32:17,21582,21570,21571,7533,4,
,09:32:18,21582,21570,21572,7534,1,
,09:32:18,21582,21570,21573,7542,8,
,09:32:19,21582,21570,21573,7543,1,
,09:32:19,21582,21570,21573,7545,2,
,09:32:20,21582,21570,21574,7557,12,
,09:32:21,21582,21570,21574,7557,12,
,09:32:21,21582,21570,21577,7569,12,
,09:32:22,21582,21570,21576,7582,13,
,09:32:23,21582,21570,21573,7583,1,
,09:32:23,21582,21570,21573,7593,10,
,09:32:24,21582,21570,21576,7602,9,
,09:32:25,21582,21570,21576,7612,10,
,09:32:26,21582,21570,21578,7620,8,
,09:32:27,21582,21570,21579,7627,7,
,09:32:27,21582,21570,21578,7629,2,
,09:32:28,21582,21570,21578,7636,7,
,09:32:29,21582,21570,21578,7639,3,
,09:32:29,21582,21570,21579,7640,1,
,09:32:30,21582,21570,21578,7641,1,
,09:32:30,21582,21570,21580,7645,4,
,09:32:31,21582,21570,21580,7645,4,
,09:32:31,21582,21570,21580,7646,1,
,09:32:32,21582,21570,21578,7647,1,
,09:32:32,21582,21570,21576,7652,5,
,09:32:33,21582,21570,21576,7652,5,
,09:32:33,21582,21570,21573,7657,5,
,09:32:34,21582,21570,21573,7657,5,
,09:32:34,21582,21570,21574,7662,5,
,09:32:35,21582,21570,21574,7662,5,
,09:32:35,21582,21570,21572,7663,1,
,09:32:36,21582,21570,21572,7665,2,
,09:32:36,21582,21570,21570,7674,9,
,09:32:37,21582,21565,21566,7704,30,
,09:32:38,21582,21564,21564,7706,2,
,09:32:38,21582,21559,21560,7784,78,
,09:32:39,21582,21557,21557,7831,47,
,09:32:40,21582,21555,21555,7860,29,
,09:32:41,21582,21555,21557,7900,40,
,09:32:42,21582,21555,21566,7945,45,
,09:32:43,21582,21555,21566,7955,10,
,09:32:44,21582,21555,21561,7966,11,
,09:32:45,21582,21555,21563,7967,1,
,09:32:45,21582,21555,21562,7970,3,
,09:32:46,21582,21555,21563,7971,1,
,09:32:46,21582,21555,21561,7973,2,
,09:32:47,21582,21555,21565,7984,11,
,09:32:48,21582,21555,21562,7985,1,
,09:32:48,21582,21555,21563,7992,7,
,09:32:49,21582,21555,21563,7992,7,
,09:32:49,21582,21555,21563,7997,5,
,09:32:50,21582,21555,21563,7997,5,
,09:32:50,21582,21555,21563,7999,2,
,09:32:51,21582,21555,21562,8000,1,
,09:32:51,21582,21555,21561,8007,7,
,09:32:52,21582,21555,21561,8007,7,
,09:32:52,21582,21555,21560,8035,28,
,09:32:53,21582,21555,21560,8038,3,
,09:32:53,21582,21555,21561,8045,7,
,09:32:54,21582,21555,21561,8046,1,
,09:32:54,21582,21555,21561,8050,4,
,09:32:55,21582,21555,21561,8050,4,
,09:32:55,21582,21555,21561,8052,2,
,09:32:56,21582,21555,21560,8053,1,
,09:32:56,21582,21555,21557,8064,11,
,09:32:57,21582,21555,21559,8066,2,
,09:32:57,21582,21555,21557,8088,22,
,09:32:58,21582,21555,21558,8090,2,
,09:32:58,21582,21555,21555,8113,23,
,09:32:59,21582,21555,21556,8119,6,
,09:33:00,21554,21554,21554,8121,2,
,09:33:00,21555,21551,21552,8148,27,
,09:33:01,21555,21551,21551,8166,18,
,09:33:02,21555,21551,21551,8166,18,
,09:33:02,21555,21551,21552,8177,11,
,09:33:03,21555,21547,21547,8260,83,
,09:33:04,21555,21546,21549,8282,22,
,09:33:05,21555,21546,21550,8285,3,
,09:33:05,21555,21546,21552,8317,32,
,09:33:06,21556,21546,21554,8340,23,
,09:33:07,21556,21546,21553,8342,2,
,09:33:07,21556,21546,21554,8356,14,
,09:33:08,21556,21546,21555,8357,1,
,09:33:08,21556,21546,21550,8382,25,
,09:33:09,21556,21546,21552,8398,16,
,09:33:10,21556,21546,21553,8399,1,
,09:33:10,21556,21546,21551,8412,13,
,09:33:11,21556,21546,21550,8414,2,
,09:33:11,21556,21546,21550,8416,2,
,09:33:12,21556,21546,21551,8422,6,
,09:33:13,21556,21546,21549,8440,18,
,09:33:14,21556,21546,21548,8441,1,
,09:33:14,21556,21546,21550,8443,2,
,09:33:15,21556,21546,21552,8475,32,
,09:33:16,21556,21546,21553,8489,14,
,09:33:17,21556,21546,21553,8489,14,
,09:33:17,21556,21546,21553,8492,3,
,09:33:18,21556,21546,21553,8498,6,
,09:33:18,21556,21546,21555,8505,7,
,09:33:19,21556,21546,21555,8506,1,
,09:33:19,21556,21546,21556,8517,11,
,09:33:20,21556,21546,21556,8517,11,
,09:33:20,21556,21546,21555,8520,3,
,09:33:21,21556,21546,21556,8523,3,
,09:33:21,21557,21546,21556,8530,7,
,09:33:22,21557,21546,21556,8530,7,
,09:33:22,21558,21546,21558,8538,8,
,09:33:23,21558,21546,21558,8538,8,
,09:33:23,21559,21546,21558,8551,13,
,09:33:24,21559,21546,21559,8553,2,
,09:33:24,21560,21546,21560,8558,5,
,09:33:25,21563,21546,21562,8565,7,
,09:33:26,21563,21546,21562,8565,7,
,09:33:26,21563,21546,21560,8574,9,
,09:33:27,21563,21546,21560,8574,9,
,09:33:27,21563,21546,21561,8577,3,
,09:33:28,21563,21546,21560,8581,4,
,09:33:29,21563,21546,21560,8581,4,
,09:33:29,21563,21546,21558,8586,5,
,09:33:30,21563,21546,21558,8586,5,
,09:33:30,21563,21546,21556,8589,3,
,09:33:31,21563,21546,21555,8590,1,
,09:33:31,21563,21546,21557,8604,14,
,09:33:32,21563,21546,21557,8604,14,
,09:33:32,21563,21546,21556,8613,9,
,09:33:33,21563,21546,21560,8627,14,
,09:33:34,21563,21546,21560,8629,2,
,09:33:35,21563,21546,21560,8629,2,
,09:33:35,21563,21546,21559,8641,12,
,09:33:36,21563,21546,21559,8641,12,
,09:33:36,21563,21546,21561,8650,9,
,09:33:37,21563,21546,21561,8650,9,
,09:33:37,21566,21546,21566,8659,9,
,09:33:38,21566,21546,21566,8659,9,
,09:33:38,21569,21546,21568,8668,9,
,09:33:39,21569,21546,21568,8669,1,
,09:33:39,21571,21546,21570,8679,10,
,09:33:40,21571,21546,21568,8696,17,
,09:33:41,21571,21546,21565,8715,19,
,09:33:42,21571,21546,21562,8729,14,
,09:33:43,21571,21546,21559,8734,5,
,09:33:44,21571,21546,21559,8734,5,
,09:33:44,21571,21546,21559,8737,3,
,09:33:45,21571,21546,21560,8738,1,
,09:33:46,21571,21546,21560,8739,1,
,09:33:47,21571,21546,21560,8739,1,
,09:33:47,21571,21546,21561,8756,17,
,09:33:48,21571,21546,21563,8765,9,
,09:33:49,21571,21546,21564,8778,13,
,09:33:50,21571,21546,21564,8779,1,
,09:33:51,21571,21546,21564,8779,1,
,09:33:51,21571,21546,21564,8781,2,
,09:33:52,21571,21546,21562,8789,8,
,09:33:53,21571,21546,21562,8817,28,
,09:33:54,21571,21546,21562,8817,28,
,09:33:54,21571,21546,21562,8819,2,
,09:33:55,21571,21546,21563,8823,4,
,09:33:55,21571,21546,21562,8824,1,
,09:33:56,21571,21546,21562,8824,1,
,09:33:56,21571,21546,21563,8829,5,
,09:33:57,21571,21546,21562,8838,9,
,09:33:58,21571,21546,21564,8844,6,
,09:33:59,21571,21546,21564,8845,1,
,09:34:00,21562,21562,21562,8850,5,
,09:34:00,21564,21562,21563,8861,11,
,09:34:01,21564,21562,21563,8861,11,
,09:34:01,21564,21562,21564,8862,1,
,09:34:02,21565,21562,21565,8871,9,
,09:34:03,21565,21562,21565,8874,3,
,09:34:04,21565,21562,21565,8874,3,
,09:34:04,21566,21562,21566,8881,7,
,09:34:05,21566,21562,21566,8881,7,
,09:34:05,21566,21562,21564,8882,1,
,09:34:06,21566,21562,21564,8886,4,
,09:34:07,21566,21562,21564,8888,2,
,09:34:08,21566,21562,21566,8890,2,
,09:34:08,21567,21562,21566,8893,3,
,09:34:09,21567,21562,21566,8893,3,
,09:34:09,21569,21562,21568,8907,14,
,09:34:10,21569,21562,21569,8909,2,
,09:34:11,21569,21562,21568,8910,1,
,09:34:11,21570,21562,21569,8922,12,
,09:34:12,21570,21562,21569,8923,1,
,09:34:12,21572,21562,21572,8930,7,
,09:34:13,21572,21562,21572,8930,7,
,09:34:13,21572,21562,21572,8938,8,
,09:34:14,21572,21562,21572,8938,8,
,09:34:14,21572,21562,21570,8941,3,
,09:34:15,21572,21562,21571,8942,1,
,09:34:15,21572,21562,21569,8947,5,
,09:34:16,21572,21562,21570,8957,10,
,09:34:17,21572,21562,21570,8962,5,
,09:34:18,21575,21562,21572,8975,13,
,09:34:19,21575,21562,21573,8983,8,
,09:34:20,21575,21562,21574,8985,2,
,09:34:20,21575,21562,21575,8987,2,
,09:34:21,21577,21562,21577,8991,4,
,09:34:21,21579,21562,21579,9000,9,
,09:34:22,21582,21562,21579,9022,22,
,09:34:23,21582,21562,21578,9035,13,
,09:34:24,21582,21562,21578,9037,2,
,09:34:24,21582,21562,21576,9050,13,
,09:34:25,21582,21562,21576,9050,13,
,09:34:25,21582,21562,21573,9057,7,
,09:34:26,21582,21562,21575,9065,8,
,09:34:27,21582,21562,21577,9066,1,
,09:34:27,21582,21562,21576,9069,3,
,09:34:28,21582,21562,21576,9069,3,
,09:34:28,21582,21562,21577,9074,5,
,09:34:30,21582,21562,21577,9074,5,
,09:34:30,21582,21562,21576,9075,1,
,09:34:31,21582,21562,21575,9076,1,
,09:34:31,21582,21562,21575,9078,2,
,09:34:32,21582,21562,21573,9079,1,
,09:34:32,21582,21562,21574,9084,5,
,09:34:33,21582,21562,21574,9084,5,
,09:34:33,21582,21562,21576,9088,4,
,09:34:34,21582,21562,21576,9088,4,
,09:34:34,21582,21562,21575,9104,16,
,09:34:35,21582,21562,21575,9105,1,
,09:34:35,21582,21562,21577,9110,5,
,09:34:36,21582,21562,21577,9110,5,
,09:34:36,21582,21562,21578,9119,9,
,09:34:37,21582,21562,21576,9120,1,
,09:34:37,21582,21562,21577,9122,2,
,09:34:38,21582,21562,21577,9126,4,
,09:34:38,21582,21562,21579,9134,8,
,09:34:39,21582,21562,21579,9134,8,
,09:34:39,21582,21562,21579,9134,8,
,09:34:40,21582,21562,21581,9135,1,
,09:34:40,21582,21562,21579,9146,11,
,09:34:41,21582,21562,21577,9153,7,
,09:34:42,21582,21562,21578,9154,1,
,09:34:42,21582,21562,21578,9161,7,
,09:34:43,21582,21562,21577,9162,1,
,09:34:43,21582,21562,21579,9173,11,
,09:34:44,21582,21562,21579,9173,11,
,09:34:44,21582,21562,21577,9176,3,
,09:34:45,21582,21562,21577,9176,3,
,09:34:45,21582,21562,21578,9181,5,
,09:34:46,21582,21562,21578,9181,5,
,09:34:47,21582,21562,21578,9186,5,
,09:34:47,21582,21562,21579,9190,4,
,09:34:48,21582,21562,21579,9213,23,
,09:34:49,21582,21562,21579,9213,23,
,09:34:49,21582,21562,21578,9224,11,
,09:34:50,21582,21562,21579,9225,1,
,09:34:51,21582,21562,21579,9226,1,
,09:34:51,21582,21562,21578,9227,1,
,09:34:52,21582,21562,21577,9228,1,
,09:34:52,21582,21562,21577,9229,1,
,09:34:53,21582,21562,21575,9239,10,
,09:34:54,21582,21562,21575,9244,5,
,09:34:55,21582,21562,21575,9244,5,
,09:34:55,21582,21562,21575,9244,5,
,09:34:56,21582,21562,21575,9244,5,
,09:34:57,21582,21562,21575,9244,5,
,09:34:57,21582,21562,21576,9253,9,
,09:34:58,21582,21562,21577,9262,9,
,09:34:59,21582,21562,21578,9264,2,
,09:35:00,21578,21578,21578,9271,7,
,09:35:00,21578,21571,21572,9311,40,
,09:35:01,21578,21570,21570,9315,4,
,09:35:01,21578,21569,21574,9328,13,
,09:35:02,21578,21569,21575,9329,1,
,09:35:02,21578,21569,21573,9344,15,
,09:35:03,21578,21569,21575,9345,1,
,09:35:03,21578,21569,21575,9346,1,
,09:35:04,21578,21569,21575,9346,1,
,09:35:04,21578,21569,21575,9348,2,
,09:35:05,21578,21569,21575,9349,1,
,09:35:05,21578,21569,21573,9359,10,
,09:35:06,21578,21569,21574,9360,1,
,09:35:06,21578,21569,21573,9361,1,
,09:35:07,21578,21569,21574,9362,1,
,09:35:07,21578,21569,21575,9365,3,
,09:35:08,21578,21569,21576,9371,6,
,09:35:08,21578,21569,21578,9375,4,
,09:35:09,21578,21569,21578,9376,1,
,09:35:09,21578,21569,21577,9384,8,
,09:35:10,21578,21569,21577,9384,8,
,09:35:10,21578,21569,21574,9400,16,
,09:35:11,21578,21569,21575,9402,2,
,09:35:12,21578,21569,21575,9402,2,
,09:35:13,21578,21569,21575,9402,2,
,09:35:13,21578,21569,21574,9406,4,
,09:35:14,21578,21569,21573,9407,1,
,09:35:14,21578,21569,21572,9408,1,
,09:35:15,21578,21569,21574,9409,1,
,09:35:15,21578,21569,21573,9423,14,
,09:35:16,21578,21569,21573,9424,1,
,09:35:16,21578,21569,21573,9427,3,
,09:35:18,21578,21569,21574,9434,7,
,09:35:19,21578,21569,21574,9434,7,
,09:35:19,21578,21569,21574,9435,1,
,09:35:20,21578,21569,21574,9435,1,
,09:35:20,21578,21569,21575,9445,10,
,09:35:21,21578,21569,21575,9445,10,
,09:35:22,21578,21569,21575,9445,10,
,09:35:22,21578,21569,21576,9448,3,
,09:35:23,21578,21569,21574,9450,2,
,09:35:25,21578,21569,21576,9451,1,
,09:35:27,21578,21569,21575,9452,1,
,09:35:27,21578,21569,21577,9455,3,
,09:35:28,21578,21569,21578,9456,1,
,09:35:28,21578,21569,21578,9457,1,
,09:35:29,21578,21569,21578,9457,1,
,09:35:29,21578,21569,21578,9459,2,
,09:35:30,21579,21569,21579,9463,4,
,09:35:31,21579,21569,21579,9463,4,
,09:35:32,21579,21569,21578,9478,15,
,09:35:33,21580,21569,21580,9480,2,
,09:35:34,21580,21569,21580,9480,2,
,09:35:34,21580,21569,21579,9481,1,
,09:35:35,21583,21569,21581,9509,28,
,09:35:36,21583,21569,21581,9509,28,
,09:35:36,21583,21569,21582,9511,2,
,09:35:37,21583,21569,21582,9512,1,
,09:35:37,21583,21569,21582,9517,5,
,09:35:38,21583,21569,21581,9518,1,
,09:35:38,21583,21569,21582,9519,1,
,09:35:39,21583,21569,21582,9520,1,
,09:35:39,21583,21569,21581,9522,2,
,09:35:40,21583,21569,21582,9523,1,
,09:35:40,21583,21569,21581,9531,8,
,09:35:41,21583,21569,21582,9534,3,
,09:35:42,21583,21569,21582,9534,3,
,09:35:42,21583,21569,21583,9535,1,
,09:35:43,21583,21569,21583,9535,1,
,09:35:43,21583,21569,21583,9542,7,
,09:35:44,21583,21569,21583,9543,1,
,09:35:45,21584,21569,21584,9547,4,
,09:35:45,21584,21569,21584,9553,6,
,09:35:46,21585,21569,21584,9562,9,
,09:35:47,21587,21569,21587,9579,17,
,09:35:48,21587,21569,21587,9579,17,
,09:35:48,21589,21569,21588,9596,17,
,09:35:49,21589,21569,21589,9597,1,
,09:35:49,21589,21569,21589,9611,14,
,09:35:50,21592,21569,21589,9635,24,
,09:35:51,21592,21569,21587,9654,19,
,09:35:52,21592,21569,21587,9654,19,
,09:35:52,21592,21569,21589,9661,7,
,09:35:53,21592,21569,21589,9661,7,
,09:35:53,21592,21569,21587,9664,3,
,09:35:54,21592,21569,21586,9672,8,
,09:35:55,21592,21569,21586,9673,1,
,09:35:55,21592,21569,21585,9675,2,
,09:35:56,21592,21569,21585,9675,2,
,09:35:56,21592,21569,21584,9678,3,
,09:35:57,21592,21569,21582,9679,1,
,09:35:57,21592,21569,21582,9681,2,
,09:35:58,21592,21569,21582,9681,2,
,09:35:58,21592,21569,21585,9687,6,
,09:35:59,21592,21569,21584,9699,12,
,09:36:00,21584,21584,21584,9699,12,
,09:36:00,21586,21584,21585,9705,6,
,09:36:01,21587,21584,21587,9708,3,
,09:36:01,21588,21584,21587,9712,4,
,09:36:02,21588,21584,21587,9714,2,
,09:36:03,21591,21584,21589,9728,14,
,09:36:04,21591,21584,21589,9742,14,
,09:36:05,21591,21584,21589,9743,1,
,09:36:05,21591,21584,21589,9750,7,
,09:36:06,21591,21584,21589,9750,7,
,09:36:07,21591,21584,21588,9754,4,
,09:36:08,21591,21584,21586,9755,1,
,09:36:08,21591,21584,21586,9756,1,
,09:36:10,21591,21582,21583,9763,7,
,09:36:11,21591,21582,21582,9769,6,
,09:36:12,21591,21582,21582,9773,4,
,09:36:13,21591,21582,21582,9778,5,
,09:36:14,21591,21581,21581,9783,5,
,09:36:15,21591,21581,21581,9783,5,
,09:36:15,21591,21579,21580,9790,7,
,09:36:16,21591,21579,21579,9791,1,
,09:36:16,21591,21578,21578,9807,16,
,09:36:17,21591,21578,21580,9812,5,
,09:36:18,21591,21578,21580,9814,2,
,09:36:18,21591,21578,21578,9816,2,
,09:36:19,21591,21577,21577,9818,2,
,09:36:19,21591,21577,21579,9819,1,
,09:36:20,21591,21577,21579,9819,1,
,09:36:20,21591,21577,21580,9826,7,
,09:36:21,21591,21577,21580,9826,7,
,09:36:21,21591,21577,21581,9838,12,
,09:36:22,21591,21577,21580,9839,1,
,09:36:22,21591,21577,21581,9844,5,
,09:36:23,21591,21577,21581,9844,5,
,09:36:23,21591,21577,21581,9848,4,
,09:36:24,21591,21577,21581,9848,4,
,09:36:24,21591,21577,21579,9862,14,
,09:36:25,21591,21577,21579,9866,4,
,09:36:26,21591,21577,21579,9868,2,
,09:36:26,21591,21577,21579,9868,2,
,09:36:27,21591,21577,21579,9868,2,
,09:36:28,21591,21577,21579,9868,2,
,09:36:29,21591,21577,21579,9868,2,
,09:36:29,21591,21577,21577,9877,9,
,09:36:30,21591,21577,21577,9877,9,
,09:36:31,21591,21575,21575,9878,1,
,09:36:31,21591,21574,21574,9893,15,
,09:36:32,21591,21574,21574,9894,1,
,09:36:32,21591,21571,21571,9899,5,
,09:36:33,21591,21571,21571,9900,1,
,09:36:33,21591,21567,21568,9920,20,
,09:36:34,21591,21567,21567,9922,2,
,09:36:34,21591,21567,21570,9933,11,
,09:36:35,21591,21565,21565,9944,11,
,09:36:36,21591,21565,21566,9945,1,
,09:36:36,21591,21564,21564,9952,7,
,09:36:37,21591,21564,21564,9953,1,
,09:36:37,21591,21563,21566,9961,8,
,09:36:38,21591,21563,21566,9962,1,
,09:36:38,21591,21563,21568,9968,6,
,09:36:39,21591,21563,21568,9968,6,
,09:36:39,21591,21563,21570,9970,2,
,09:36:40,21591,21563,21570,9971,1,
,09:36:40,21591,21563,21571,9974,3,
,09:36:41,21591,21563,21571,9974,3,
,09:36:42,21591,21563,21571,9975,1,
,09:36:42,21591,21563,21571,9985,10,
,09:36:43,21591,21563,21572,9994,9,
,09:36:44,21591,21563,21572,9994,9,
,09:36:45,21591,21563,21571,9996,2,
,09:36:46,21591,21563,21571,10003,7,
,09:36:47,21591,21563,21574,10005,2,
,09:36:48,21591,21563,21575,10006,1,
,09:36:48,21591,21563,21575,10010,4,
,09:36:49,21591,21563,21576,10012,2,
,09:36:49,21591,21563,21579,10015,3,
,09:36:50,21591,21563,21577,10019,4,
,09:36:51,21591,21563,21576,10030,11,
,09:36:52,21591,21563,21576,10030,11,
,09:36:52,21591,21563,21579,10033,3,
,09:36:53,21591,21563,21579,10034,1,
,09:36:53,21591,21563,21579,10035,1,
,09:36:54,21591,21563,21580,10037,2,
,09:36:55,21591,21563,21578,10040,3,
,09:36:56,21591,21563,21577,10043,3,
,09:36:56,21591,21563,21575,10044,1,
,09:36:57,21591,21563,21574,10059,15,
,09:36:58,21591,21563,21574,10059,15,
,09:36:58,21591,21563,21577,10063,4,
,09:36:59,21591,21563,21575,10072,9,
,09:37:00,21573,21573,21573,10073,1,
,09:37:00,21573,21569,21571,10084,11,
,09:37:01,21573,21569,21571,10084,11,
,09:37:01,21573,21569,21573,10086,2,
,09:37:02,21573,21569,21573,10086,2,
,09:37:03,21573,21569,21572,10087,1,
,09:37:04,21573,21569,21572,10095,8,
,09:37:05,21574,21569,21574,10098,3,
,09:37:06,21575,21569,21575,10101,3,
,09:37:06,21576,21569,21574,10114,13,
,09:37:07,21576,21569,21573,10115,1,
,09:37:07,21576,21569,21573,10116,1,
,09:37:08,21576,21569,21575,10117,1,
,09:37:08,21576,21569,21575,10117,1,
,09:37:09,21576,21569,21575,10117,1,
,09:37:09,21576,21569,21571,10121,4,
,09:37:10,21576,21569,21571,10121,4,
,09:37:10,21576,21569,21572,10122,1,
,09:37:11,21576,21569,21572,10122,1,
,09:37:12,21576,21569,21572,10122,1,
,09:37:13,21576,21569,21572,10122,1,
,09:37:14,21576,21569,21572,10122,1,
,09:37:14,21576,21569,21574,10130,8,
,09:37:15,21576,21569,21574,10130,8,
,09:37:15,21576,21569,21573,10140,10,
,09:37:16,21577,21569,21576,10144,4,
,09:37:17,21577,21569,21577,10146,2,
,09:37:17,21579,21569,21579,10151,5,
,09:37:18,21579,21569,21579,10151,5,
,09:37:18,21585,21569,21585,10187,36,
,09:37:19,21585,21569,21585,10187,36,
,09:37:19,21585,21569,21584,10211,24,
,09:37:20,21585,21569,21584,10212,1,
,09:37:20,21590,21569,21590,10231,19,
,09:37:21,21590,21569,21590,10231,19,
,09:37:21,21590,21569,21589,10242,11,
,09:37:22,21590,21569,21585,10249,7,
,09:37:23,21590,21569,21584,10275,26,
,09:37:24,21590,21569,21585,10277,2,
,09:37:25,21590,21569,21585,10277,2,
,09:37:25,21590,21569,21585,10287,10,
,09:37:26,21590,21569,21585,10287,10,
,09:37:26,21590,21569,21587,10295,8,
,09:37:27,21590,21569,21585,10302,7,
,09:37:28,21590,21569,21585,10302,7,
,09:37:28,21590,21569,21584,10306,4,
,09:37:29,21590,21569,21584,10306,4,
,09:37:29,21590,21569,21584,10307,1,
,09:37:30,21590,21569,21584,10309,2,
,09:37:30,21590,21569,21584,10312,3,
,09:37:31,21590,21569,21585,10313,1,
,09:37:31,21590,21569,21588,10320,7,
,09:37:32,21590,21569,21588,10323,3,
,09:37:32,21590,21569,21589,10326,3,
,09:37:33,21590,21569,21589,10326,3,
,09:37:33,21590,21569,21584,10336,10,
,09:37:34,21590,21569,21583,10340,4,
,09:37:35,21590,21569,21584,10341,1,
,09:37:35,21590,21569,21580,10348,7,
,09:37:36,21590,21569,21580,10353,5,
,09:37:37,21590,21569,21580,10353,5,
,09:37:37,21590,21569,21579,10358,5,
,09:37:38,21590,21569,21579,10359,1,
,09:37:38,21590,21569,21581,10360,1,
,09:37:39,21590,21569,21581,10360,1,
,09:37:39,21590,21569,21582,10364,4,
,09:37:40,21590,21569,21582,10365,1,
,09:37:40,21590,21569,21575,10377,12,
,09:37:41,21590,21569,21576,10378,1,
,09:37:41,21590,21569,21578,10379,1,
,09:37:42,21590,21569,21583,10383,4,
,09:37:43,21590,21569,21583,10383,4,
,09:37:43,21590,21569,21582,10387,4,
,09:37:44,21590,21569,21584,10397,10,
,09:37:45,21590,21569,21584,10397,10,
,09:37:45,21590,21569,21588,10403,6,
,09:37:46,21590,21569,21588,10403,6,
,09:37:47,21590,21569,21589,10404,1,
,09:37:48,21590,21569,21587,10408,4,
,09:37:49,21590,21569,21587,10408,4,
,09:37:49,21590,21569,21586,10411,3,
,09:37:50,21590,21569,21586,10411,3,
,09:37:50,21590,21569,21587,10412,1,
,09:37:51,21590,21569,21587,10419,7,
,09:37:52,21590,21569,21586,10420,1,
,09:37:53,21590,21569,21586,10420,1,
,09:37:53,21590,21569,21585,10424,4,
,09:37:54,21590,21569,21585,10424,4,
,09:37:54,21590,21569,21583,10428,4,
,09:37:55,21590,21569,21583,10428,4,
,09:37:55,21590,21569,21584,10431,3,
,09:37:57,21590,21569,21582,10433,2,
,09:37:58,21590,21569,21581,10439,6,
,09:37:59,21590,21569,21584,10457,18,
,09:38:00,21584,21584,21584,10457,18,
,09:38:00,21586,21584,21584,10468,11,
,09:38:01,21586,21584,21584,10471,3,
,09:38:02,21586,21584,21584,10471,3,
,09:38:03,21586,21584,21584,10471,3,
,09:38:03,21586,21584,21585,10475,4,
,09:38:04,21586,21584,21585,10475,4,
,09:38:04,21586,21584,21586,10478,3,
,09:38:05,21592,21584,21592,10507,29,
,09:38:06,21592,21584,21590,10508,1,
,09:38:06,21592,21584,21591,10513,5,
,09:38:07,21592,21584,21592,10515,2,
,09:38:07,21595,21584,21590,10550,35,
,09:38:08,21595,21584,21589,10560,10,
,09:38:09,21595,21584,21589,10561,1,
,09:38:09,21595,21584,21589,10562,1,
,09:38:10,21595,21584,21589,10563,1,
,09:38:12,21595,21584,21589,10563,1,
,09:38:12,21595,21584,21593,10574,11,
,09:38:13,21595,21584,21593,10574,11,
,09:38:13,21596,21584,21596,10590,16,
,09:38:14,21596,21584,21595,10605,15,
,09:38:15,21596,21584,21596,10614,9,
,09:38:16,21596,21584,21596,10614,9,
,09:38:16,21596,21584,21593,10624,10,
,09:38:17,21596,21584,21594,10628,4,
,09:38:17,21596,21584,21595,10636,8,
,09:38:18,21596,21584,21594,10637,1,
,09:38:18,21596,21584,21594,10644,7,
,09:38:19,21596,21584,21594,10645,1,
,09:38:19,21596,21584,21592,10649,4,
,09:38:20,21596,21584,21592,10650,1,
,09:38:20,21596,21584,21587,10656,6,
,09:38:21,21596,21584,21590,10661,5,
,09:38:22,21596,21584,21591,10667,6,
,09:38:23,21596,21584,21590,10668,1,
,09:38:23,21596,21584,21591,10670,2,
,09:38:24,21596,21584,21591,10670,2,
,09:38:25,21596,21584,21593,10672,2,
,09:38:26,21596,21584,21588,10685,13,
,09:38:27,21596,21584,21589,10687,2,
,09:38:27,21596,21584,21589,10688,1,
,09:38:28,21596,21584,21589,10688,1,
,09:38:28,21596,21584,21587,10698,10,
,09:38:29,21596,21584,21587,10698,10,
,09:38:29,21596,21584,21588,10701,3,
,09:38:30,21596,21584,21588,10701,3,
,09:38:30,21596,21584,21589,10705,4,
,09:38:31,21596,21584,21589,10705,4,
,09:38:31,21596,21584,21589,10705,4,
,09:38:32,21596,21584,21588,10706,1,
,09:38:33,21596,21584,21588,10708,2,
,09:38:34,21596,21584,21586,10713,5,
,09:38:35,21596,21584,21585,10719,6,
,09:38:36,21596,21584,21586,10723,4,
,09:38:37,21596,21584,21586,10723,4,
,09:38:38,21596,21584,21588,10724,1,
,09:38:38,21596,21584,21587,10726,2,
,09:38:39,21596,21584,21587,10726,2,
,09:38:39,21596,21584,21587,10726,2,
,09:38:40,21596,21584,21589,10729,3,
,09:38:41,21596,21584,21589,10729,3,
,09:38:41,21596,21584,21587,10730,1,
,09:38:42,21596,21584,21589,10731,1,
,09:38:42,21596,21584,21589,10731,1,
,09:38:45,21596,21584,21587,10732,1,
,09:38:45,21596,21584,21586,10734,2,
,09:38:46,21596,21584,21586,10735,1,
,09:38:46,21596,21584,21587,10736,1,
,09:38:47,21596,21584,21587,10739,3,
,09:38:47,21596,21584,21587,10736,10736,
,09:38:48,21596,21584,21586,10740,4,
,09:38:49,21596,21584,21586,10741,1,
,09:38:49,21596,21584,21586,10741,1,
,09:38:51,21596,21584,21586,10741,1,
,09:38:51,21596,21584,21590,10763,22,
,09:38:52,21596,21584,21590,10763,22,
,09:38:52,21596,21584,21591,10765,2,
,09:38:53,21596,21584,21590,10766,1,
,09:38:54,21596,21584,21590,10767,1,
,09:38:54,21596,21584,21591,10768,1,
,09:38:55,21596,21584,21591,10769,1,
,09:38:55,21596,21584,21591,10769,1,
,09:38:56,21596,21584,21591,10769,1,
,09:38:57,21596,21584,21591,10769,1,
,09:38:57,21596,21584,21590,10773,4,
,09:38:58,21596,21584,21592,10779,6,
,09:38:59,21596,21584,21592,10782,3,
,09:38:59,21596,21584,21591,10790,8,
,09:39:00,21591,21591,21591,10792,2,
,09:39:00,21592,21590,21591,10795,3,
,09:39:01,21592,21590,21591,10796,1,
,09:39:01,21593,21590,21592,10805,9,
,09:39:02,21593,21590,21590,10807,2,
,09:39:03,21593,21590,21591,10808,1,
,09:39:03,21593,21590,21590,10812,4,
,09:39:04,21593,21589,21589,10814,2,
,09:39:04,21593,21589,21590,10816,2,
,09:39:05,21593,21589,21590,10817,1,
,09:39:05,21593,21586,21586,10838,21,
,09:39:06,21593,21586,21586,10838,21,
,09:39:06,21593,21586,21587,10839,1,
,09:39:07,21593,21586,21587,10839,1,
,09:39:07,21593,21586,21587,10842,3,
,09:39:08,21593,21586,21588,10851,9,
,09:39:09,21593,21586,21588,10852,1,
,09:39:09,21593,21586,21589,10854,2,
,09:39:10,21593,21586,21589,10854,2,
,09:39:10,21593,21586,21590,10857,3,
,09:39:11,21593,21586,21590,10860,3,
,09:39:11,21593,21586,21592,10870,10,
,09:39:12,21593,21586,21592,10870,10,
,09:39:12,21593,21586,21592,10872,2,
,09:39:14,21593,21586,21593,10873,1,
,09:39:14,21593,21586,21592,10874,1,
,09:39:15,21593,21586,21592,10874,1,
,09:39:15,21593,21586,21592,10875,1,
,09:39:16,21593,21586,21592,10875,1,
,09:39:16,21593,21586,21590,10877,2,
,09:39:17,21593,21586,21590,10877,2,
,09:39:17,21593,21586,21590,10882,5,
,09:39:18,21593,21586,21588,10884,2,
,09:39:19,21593,21586,21588,10884,2,
,09:39:19,21593,21586,21589,10885,1,
,09:39:20,21593,21586,21588,10888,3,
,09:39:20,21593,21586,21589,10889,1,
,09:39:21,21593,21586,21589,10889,1,
,09:39:22,21593,21586,21587,10890,1,
,09:39:23,21593,21586,21587,10890,1,
,09:39:23,21593,21586,21587,10890,1,
,09:39:24,21593,21586,21587,10891,1,
,09:39:24,21593,21585,21585,10903,12,
,09:39:25,21593,21584,21584,10906,3,
,09:39:26,21593,21584,21584,10906,3,
,09:39:26,21593,21584,21585,10909,3,
,09:39:27,21593,21584,21585,10909,3,
,09:39:28,21593,21584,21586,10911,2,
,09:39:28,21593,21584,21589,10914,3,
,09:39:29,21593,21584,21589,10915,1,
,09:39:29,21593,21584,21588,10916,1,
,09:39:30,21593,21584,21587,10936,20,
,09:39:31,21593,21584,21587,10936,20,
,09:39:32,21593,21584,21587,10936,20,
,09:39:33,21593,21584,21587,10938,2,
,09:39:34,21593,21584,21587,10938,2,
,09:39:34,21593,21584,21588,10939,1,
,09:39:36,21593,21584,21588,10941,2,
,09:39:37,21593,21584,21588,10941,2,
,09:39:37,21593,21584,21591,10950,9,
,09:39:38,21593,21584,21591,10950,9,
,09:39:38,21593,21584,21592,10953,3,
,09:39:39,21593,21584,21593,10959,6,
,09:39:40,21594,21584,21594,10960,1,
,09:39:41,21594,21584,21594,10960,1,
,09:39:41,21594,21584,21594,10971,11,
,09:39:42,21594,21584,21594,10971,11,
,09:39:42,21594,21584,21594,10976,5,
,09:39:43,21594,21584,21594,10977,1,
,09:39:44,21594,21584,21594,10978,1,
,09:39:44,21594,21584,21592,10981,3,
,09:39:45,21594,21584,21593,10983,2,
,09:39:46,21594,21584,21593,10983,2,
,09:39:47,21594,21584,21591,10984,1,
,09:39:47,21594,21584,21591,10986,2,
,09:39:48,21594,21584,21591,10986,2,
,09:39:48,21594,21584,21588,10988,2,
,09:39:49,21594,21584,21588,10989,1,
,09:39:49,21594,21584,21586,10998,9,
,09:39:50,21594,21584,21586,10999,1,
,09:39:51,21594,21584,21587,11003,4,
,09:39:52,21594,21584,21587,11003,4,
,09:39:52,21594,21584,21589,11009,6,
,09:39:53,21594,21584,21591,11011,2,
,09:39:54,21594,21584,21591,11011,2,
,09:39:55,21594,21584,21591,11011,2,
,09:39:55,21594,21584,21592,11014,3,
,09:39:56,21594,21584,21592,11014,3,
,09:39:56,21594,21584,21587,11024,10,
,09:39:57,21594,21584,21589,11027,3,
,09:39:58,21594,21584,21590,11028,1,
,09:39:58,21594,21584,21590,11030,2,
,09:39:59,21594,21584,21590,11031,1,
,09:40:00,21591,21591,21591,11032,1,
,09:40:00,21592,21591,21591,11034,2,
,09:40:01,21592,21591,21591,11034,2,
,09:40:02,21592,21591,21591,11034,2,
,09:40:03,21594,21591,21594,11045,11,
,09:40:04,21594,21591,21594,11049,4,
,09:40:05,21594,21591,21593,11050,1,
,09:40:05,21594,21591,21592,11056,6,
,09:40:06,21594,21591,21592,11056,6,
,09:40:06,21594,21591,21591,11060,4,
,09:40:07,21594,21591,21593,11062,2,
,09:40:08,21594,21591,21593,11062,2,
,09:40:08,21594,21591,21593,11065,3,
,09:40:09,21594,21591,21592,11067,2,
,09:40:10,21594,21591,21592,11067,2,
,09:40:10,21594,21591,21594,11068,1,
,09:40:11,21594,21591,21594,11068,1,
,09:40:12,21594,21591,21594,11068,1,
,09:40:12,21594,21590,21591,11081,13,
,09:40:13,21594,21590,21591,11081,13,
,09:40:13,21594,21590,21591,11082,1,
,09:40:14,21594,21590,21591,11084,2,
,09:40:15,21594,21590,21590,11085,1,
,09:40:15,21594,21589,21589,11089,4,
,09:40:16,21594,21588,21588,11090,1,
,09:40:16,21594,21588,21588,11091,1,
,09:40:17,21594,21588,21589,11093,2,
,09:40:17,21594,21588,21588,11094,1,
,09:40:18,21594,21586,21587,11102,8,
,09:40:19,21594,21586,21587,11114,12,
,09:40:20,21594,21586,21586,11115,1,
,09:40:20,21594,21586,21587,11116,1,
,09:40:21,21594,21586,21588,11117,1,
,09:40:22,21594,21586,21588,11117,1,
,09:40:22,21594,21586,21591,11121,4,
,09:40:23,21594,21586,21591,11123,2,
,09:40:24,21594,21586,21591,11123,2,
,09:40:24,21594,21586,21589,11126,3,
,09:40:25,21594,21586,21588,11127,1,
,09:40:26,21594,21586,21588,11127,1,
,09:40:26,21594,21586,21588,11129,2,
,09:40:27,21594,21586,21589,11132,3,
,09:40:28,21594,21586,21589,11132,3,
,09:40:28,21594,21586,21589,11133,1,
,09:40:30,21594,21586,21589,11138,5,
,09:40:31,21594,21586,21588,11140,2,
,09:40:32,21594,21586,21588,11140,2,
,09:40:32,21594,21586,21587,11151,11,
,09:40:34,21594,21586,21586,11152,1,
,09:40:34,21594,21586,21587,11159,7,
,09:40:35,21594,21586,21587,11170,11,
,09:40:36,21594,21584,21584,11189,19,
,09:40:37,21594,21578,21580,11209,20,
,09:40:38,21594,21578,21581,11220,11,
,09:40:39,21594,21578,21580,11230,10,
,09:40:40,21594,21578,21579,11231,1,
,09:40:40,21594,21578,21578,11236,5,
,09:40:41,21594,21578,21578,11237,1,
,09:40:41,21594,21575,21576,11247,10,
,09:40:42,21594,21575,21575,11248,1,
,09:40:42,21594,21574,21575,11268,20,
,09:40:43,21594,21574,21579,11280,12,
,09:40:44,21594,21574,21578,11283,3,
,09:40:44,21594,21574,21577,11289,6,
,09:40:45,21594,21574,21576,11290,1,
,09:40:45,21594,21574,21575,11298,8,
,09:40:46,21594,21574,21576,11300,2,
,09:40:46,21594,21574,21575,11304,4,
,09:40:47,21594,21573,21575,11311,7,
,09:40:48,21594,21572,21572,11318,7,
,09:40:49,21594,21572,21572,11318,7,
,09:40:49,21594,21572,21574,11330,12,
,09:40:50,21594,21572,21574,11331,1,
,09:40:50,21594,21572,21574,11340,9,
,09:40:51,21594,21572,21574,11341,1,
,09:40:51,21594,21572,21572,11344,3,
,09:40:52,21594,21572,21572,11344,3,
,09:40:52,21594,21571,21571,11354,10,
,09:40:53,21594,21571,21572,11357,3,
,09:40:53,21594,21571,21574,11366,9,
,09:40:54,21594,21571,21573,11373,7,
,09:40:55,21594,21571,21573,11373,7,
,09:40:55,21594,21571,21573,11386,13,
,09:40:56,21594,21571,21573,11387,1,
,09:40:56,21594,21571,21572,11390,3,
,09:40:57,21594,21571,21573,11391,1,
,09:40:57,21594,21571,21571,11392,1,
,09:40:58,21594,21571,21573,11393,1,
,09:40:58,21594,21571,21573,11395,2,
,09:40:59,21594,21571,21574,11396,1,
,09:40:59,21594,21571,21573,11400,4,
,09:41:00,21573,21573,21573,11400,4,
,09:41:00,21576,21573,21576,11410,10,
,09:41:01,21576,21573,21575,11414,4,
,09:41:01,21576,21573,21574,11415,1,
,09:41:02,21576,21573,21574,11416,1,
,09:41:02,21576,21573,21574,11416,1,
,09:41:03,21576,21573,21575,11420,4,
,09:41:03,21576,21573,21574,11426,6,
,09:41:04,21576,21572,21572,11438,12,
,09:41:05,21576,21572,21572,11438,12,
,09:41:05,21576,21572,21573,11439,1,
,09:41:06,21576,21568,21568,11459,20,
,09:41:07,21576,21568,21568,11459,20,
,09:41:07,21576,21564,21564,11510,51,
,09:41:08,21576,21564,21564,11510,51,
,09:41:08,21576,21564,21564,11514,4,
,09:41:09,21576,21564,21570,11612,98,
,09:41:10,21576,21564,21568,11628,16,
,09:41:11,21576,21564,21568,11628,16,
,09:41:11,21576,21564,21566,11634,6,
,09:41:12,21576,21564,21565,11638,4,
,09:41:12,21576,21564,21566,11641,3,
,09:41:13,21576,21564,21567,11653,12,
,09:41:14,21576,21564,21567,11653,12,
,09:41:14,21576,21564,21567,11657,4,
,09:41:15,21576,21564,21567,11657,4,
,09:41:15,21576,21564,21568,11661,4,
,09:41:16,21576,21564,21568,11661,4,
,09:41:16,21576,21564,21564,11666,5,
,09:41:17,21576,21564,21564,11666,5,
,09:41:17,21576,21564,21566,11668,2,
,09:41:18,21576,21564,21565,11679,11,
,09:41:19,21576,21564,21565,11679,11,
,09:41:19,21576,21564,21569,11682,3,
,09:41:20,21576,21564,21571,11686,4,
,09:41:20,21576,21564,21571,11689,3,
,09:41:21,21576,21564,21570,11690,1,
,09:41:22,21576,21564,21571,11691,1,
,09:41:23,21576,21564,21570,11692,1,
,09:41:23,21576,21564,21570,11694,2,
,09:41:24,21576,21564,21569,11696,2,
,09:41:24,21576,21564,21568,11701,5,
,09:41:25,21576,21564,21565,11704,3,
,09:41:26,21576,21564,21565,11705,1,
,09:41:26,21576,21563,21563,11709,4,
,09:41:27,21576,21563,21563,11709,4,
,09:41:27,21576,21563,21563,11712,3,
,09:41:28,21576,21563,21563,11712,3,
,09:41:28,21576,21563,21565,11713,1,
,09:41:29,21576,21563,21566,11715,2,
,09:41:29,21576,21563,21567,11716,1,
,09:41:30,21576,21563,21567,11716,1,
,09:41:30,21576,21563,21568,11717,1,
,09:41:31,21576,21563,21568,11717,1,
,09:41:31,21576,21563,21567,11723,6,
,09:41:32,21576,21563,21569,11724,1,
,09:41:33,21576,21563,21566,11728,4,
,09:41:33,21576,21563,21566,11732,4,
,09:41:34,21576,21563,21567,11734,2,
,09:41:34,21576,21563,21567,11734,2,
,09:41:35,21576,21563,21566,11735,1,
,09:41:36,21576,21563,21567,11736,1,
,09:41:36,21576,21563,21565,11743,7,
,09:41:37,21576,21563,21567,11744,1,
,09:41:38,21576,21563,21567,11744,1,
,09:41:38,21576,21563,21566,11752,8,
,09:41:39,21576,21563,21566,11753,1,
,09:41:39,21576,21563,21568,11756,3,
,09:41:40,21576,21563,21568,11756,3,
,09:41:40,21576,21563,21566,11759,3,
,09:41:41,21576,21563,21567,11760,1,
,09:41:41,21576,21563,21568,11764,4,
,09:41:42,21576,21563,21568,11764,4,
,09:41:42,21576,21563,21569,11767,3,
,09:41:43,21576,21563,21571,11772,5,
,09:41:44,21576,21563,21571,11781,9,
,09:41:45,21576,21563,21571,11781,9,
,09:41:45,21576,21563,21571,11782,1,
,09:41:46,21576,21563,21573,11783,1,
,09:41:47,21576,21563,21572,11785,2,
,09:41:47,21576,21563,21571,11786,1,
,09:41:48,21576,21563,21569,11788,2,
,09:41:49,21576,21563,21569,11789,1,
,09:41:49,21576,21563,21570,11790,1,
,09:41:50,21576,21563,21571,11791,1,
,09:41:50,21576,21563,21570,11792,1,
,09:41:50,21576,21563,21569,11793,1,
,09:41:51,21576,21563,21569,11793,1,
,09:41:51,21576,21563,21568,11795,2,
,09:41:51,21576,21563,21570,11796,1,
,09:41:52,21576,21563,21570,11796,1,
,09:41:53,21576,21563,21570,11796,1,
,09:41:53,21576,21563,21570,11799,3,
,09:41:54,21576,21563,21570,11799,3,
,09:41:54,21576,21563,21572,11802,3,
,09:41:55,21576,21563,21572,11802,3,
,09:41:55,21576,21563,21573,11804,2,
,09:41:56,21577,21563,21577,11824,20,
,09:41:57,21578,21563,21578,11825,1,
,09:41:57,21578,21563,21577,11826,1,
,09:41:58,21578,21563,21576,11827,1,
,09:41:58,21578,21563,21577,11828,1,
,09:41:59,21578,21563,21577,11828,1,
,09:41:59,21578,21563,21575,11839,11,
,09:42:00,21575,21575,21575,11839,11,
,09:42:00,21577,21575,21577,11840,1,
,09:42:01,21578,21575,21578,11841,1,
,09:42:01,21578,21575,21576,11844,3,
,09:42:02,21578,21574,21574,11847,3,
,09:42:03,21578,21573,21573,11848,1,
,09:42:04,21578,21573,21575,11855,7,
,09:42:05,21578,21573,21575,11855,7,
,09:42:05,21578,21573,21573,11857,2,
,09:42:06,21578,21573,21574,11858,1,
,09:42:06,21578,21573,21575,11863,5,
,09:42:07,21578,21573,21575,11863,5,
,09:42:07,21578,21573,21575,11863,5,
,09:42:09,21578,21573,21575,11863,5,
,09:42:09,21578,21573,21576,11866,3,
,09:42:10,21578,21573,21577,11867,1,
,09:42:10,21578,21573,21575,11868,1,
,09:42:11,21579,21573,21579,11881,13,
,09:42:12,21583,21573,21583,11895,14,
,09:42:13,21583,21573,21580,11907,12,
,09:42:14,21583,21573,21580,11907,12,
,09:42:14,21583,21573,21580,11912,5,
,09:42:15,21583,21573,21580,11912,5,
,09:42:15,21583,21573,21580,11914,2,
,09:42:16,21583,21573,21579,11916,2,
,09:42:16,21583,21573,21580,11919,3,
,09:42:17,21583,21573,21580,11919,3,
,09:42:17,21583,21573,21576,11929,10,
,09:42:18,21583,21573,21577,11934,5,
,09:42:19,21583,21573,21577,11937,3,
,09:42:19,21583,21573,21580,11941,4,
,09:42:20,21583,21573,21581,11942,1,
,09:42:20,21583,21573,21581,11943,1,
,09:42:21,21583,21573,21582,11944,1,
,09:42:21,21584,21573,21583,11957,13,
,09:42:22,21584,21573,21583,11958,1,
,09:42:22,21584,21573,21581,11964,6,
,09:42:23,21584,21573,21579,11965,1,
,09:42:24,21584,21573,21579,11966,1,
,09:42:24,21584,21573,21580,11971,5,
,09:42:25,21584,21573,21578,11977,6,
,09:42:26,21584,21573,21578,11977,6,
,09:42:26,21584,21573,21578,11977,6,
,09:42:27,21584,21573,21577,11981,4,
,09:42:28,21584,21573,21578,11982,1,
,09:42:29,21584,21573,21580,11983,1,
,09:42:29,21584,21573,21580,11983,1,
,09:42:30,21584,21573,21580,11983,1,
,09:42:31,21584,21573,21580,11983,1,
,09:42:32,21584,21573,21580,11984,1,
,09:42:32,21584,21573,21580,11984,1,
,09:42:33,21584,21573,21580,11984,1,
,09:42:34,21584,21573,21578,11986,2,
,09:42:35,21584,21573,21578,11986,2,
,09:42:35,21584,21573,21575,11992,6,
,09:42:37,21584,21573,21577,11996,4,
,09:42:37,21584,21573,21578,11997,1,
,09:42:38,21584,21573,21578,11997,1,
,09:42:38,21584,21573,21575,12001,4,
,09:42:39,21584,21573,21575,12001,4,
,09:42:39,21584,21573,21576,12003,2,
,09:42:40,21584,21573,21576,12003,2,
,09:42:41,21584,21573,21575,12004,1,
,09:42:41,21584,21573,21575,12004,1,
,09:42:42,21584,21573,21574,12008,4,
,09:42:43,21584,21573,21573,12010,2,
,09:42:44,21584,21572,21572,12011,1,
,09:42:44,21584,21572,21572,12017,6,
,09:42:45,21584,21571,21572,12025,8,
,09:42:46,21584,21571,21572,12026,1,
,09:42:46,21584,21571,21573,12028,2,
,09:42:47,21584,21571,21573,12029,1,
,09:42:47,21584,21571,21572,12031,2,
,09:42:48,21584,21571,21572,12031,2,
,09:42:49,21584,21571,21571,12039,8,
,09:42:49,21584,21571,21571,12040,1,
,09:42:50,21584,21568,21568,12054,14,
,09:42:51,21584,21568,21568,12055,1,
,09:42:51,21584,21568,21568,12067,12,
,09:42:52,21584,21568,21569,12068,1,
,09:42:52,21584,21567,21569,12077,9,
,09:42:53,21584,21567,21568,12078,1,
,09:42:53,21584,21567,21569,12079,1,
,09:42:54,21584,21567,21570,12080,1,
,09:42:54,21584,21567,21571,12087,7,
,09:42:55,21584,21567,21572,12088,1,
,09:42:55,21584,21567,21573,12093,5,
,09:42:56,21584,21567,21574,12097,4,
,09:42:57,21584,21567,21574,12097,4,
,09:42:57,21584,21567,21573,12099,2,
,09:42:58,21584,21567,21573,12100,1,
,09:42:59,21584,21567,21573,12100,1,
,09:43:00,21574,21574,21574,12101,1,
,09:43:00,21574,21574,21574,12102,1,
,09:43:01,21574,21571,21571,12113,11,
,09:43:02,21574,21570,21571,12121,8,
,09:43:03,21574,21570,21572,12122,1,
,09:43:03,21574,21570,21573,12124,2,
,09:43:04,21574,21570,21573,12126,2,
,09:43:05,21574,21570,21573,12126,2,
,09:43:05,21574,21570,21572,12127,1,
,09:43:06,21574,21570,21572,12127,1,
,09:43:06,21574,21570,21570,12137,10,
,09:43:07,21574,21570,21570,12137,10,
,09:43:07,21574,21570,21570,12139,2,
,09:43:08,21574,21570,21570,12139,2,
,09:43:08,21574,21570,21570,12140,1,
,09:43:09,21574,21570,21570,12140,1,
,09:43:09,21574,21570,21571,12146,6,
,09:43:11,21574,21570,21570,12147,1,
,09:43:11,21574,21570,21571,12149,2,
,09:43:12,21574,21570,21572,12155,6,
,09:43:13,21574,21570,21572,12155,6,
,09:43:13,21574,21570,21573,12157,2,
,09:43:14,21574,21570,21573,12158,1,
,09:43:14,21574,21570,21574,12159,1,
,09:43:15,21574,21570,21574,12159,1,
,09:43:16,21576,21570,21576,12172,13,
,09:43:17,21576,21570,21575,12173,1,
,09:43:17,21576,21570,21576,12177,4,
,09:43:18,21576,21570,21576,12177,4,
,09:43:18,21576,21570,21574,12179,2,
,09:43:19,21576,21570,21576,12182,3,
,09:43:20,21577,21570,21577,12183,1,
,09:43:22,21577,21570,21577,12183,1,
,09:43:22,21577,21570,21575,12184,1,
,09:43:23,21577,21570,21575,12184,1,
,09:43:23,21577,21570,21575,12186,2,
,09:43:25,21577,21570,21575,12187,1,
,09:43:25,21577,21570,21575,12188,1,
,09:43:26,21577,21570,21573,12189,1,
,09:43:27,21577,21570,21575,12190,1,
,09:43:28,21577,21570,21575,12190,1,
,09:43:29,21577,21570,21575,12190,1,
,09:43:30,21577,21570,21575,12190,1,
,09:43:30,21577,21570,21575,12191,1,
,09:43:31,21577,21570,21576,12192,1,
,09:43:32,21577,21570,21576,12192,1,
,09:43:32,21577,21570,21577,12194,2,
,09:43:33,21577,21570,21577,12194,2,
,09:43:33,21577,21570,21576,12195,1,
,09:43:34,21577,21570,21576,12195,1,
,09:43:35,21577,21570,21576,12195,1,
,09:43:37,21577,21570,21575,12197,2,
,09:43:37,21577,21570,21575,12197,2,
,09:43:38,21577,21570,21575,12197,2,
,09:43:39,21577,21570,21572,12201,4,
,09:43:40,21577,21570,21572,12201,4,
,09:43:40,21577,21570,21573,12202,1,
,09:43:41,21577,21570,21573,12202,1,
,09:43:42,21577,21570,21572,12203,1,
,09:43:43,21577,21570,21571,12204,1,
,09:43:43,21577,21567,21568,12215,11,
,09:43:44,21577,21567,21567,12216,1,
,09:43:44,21577,21565,21565,12240,24,
,09:43:45,21577,21565,21567,12241,1,
,09:43:45,21577,21564,21564,12245,4,
,09:43:46,21577,21564,21566,12246,1,
,09:43:46,21577,21564,21567,12258,12,
,09:43:47,21577,21564,21567,12259,1,
,09:43:47,21577,21564,21567,12260,1,
,09:43:48,21577,21564,21566,12261,1,
,09:43:48,21577,21564,21566,12264,3,
,09:43:49,21577,21564,21567,12265,1,
,09:43:49,21577,21564,21567,12265,1,
,09:43:50,21577,21564,21566,12268,3,
,09:43:51,21577,21564,21568,12271,3,
,09:43:52,21577,21564,21568,12271,3,
,09:43:52,21577,21564,21567,12274,3,
,09:43:53,21577,21564,21567,12275,1,
,09:43:54,21577,21564,21567,12281,6,
,09:43:55,21577,21564,21567,12281,6,
,09:43:55,21577,21564,21568,12285,4,
,09:43:56,21577,21564,21568,12285,4,
,09:43:57,21577,21564,21568,12285,4,
,09:43:58,21577,21564,21568,12285,4,
,09:43:59,21577,21564,21567,12286,1,
,09:43:59,21577,21564,21567,12287,1,
,09:44:00,21567,21567,21567,12287,1,
,09:44:00,21567,21565,21566,12289,2,
,09:44:01,21567,21565,21567,12292,3,
,09:44:02,21567,21565,21567,12292,3,
,09:44:02,21567,21565,21566,12293,1,
,09:44:03,21568,21565,21568,12295,2,
,09:44:03,21568,21565,21567,12298,3,
,09:44:04,21568,21565,21567,12299,1,
,09:44:04,21568,21565,21566,12301,2,
,09:44:05,21568,21565,21566,12301,2,
,09:44:05,21568,21565,21565,12302,1,
,09:44:06,21568,21564,21564,12305,3,
,09:44:06,21568,21564,21565,12306,1,
,09:44:07,21568,21564,21566,12307,1,
,09:44:07,21568,21564,21566,12312,5,
,09:44:08,21568,21564,21566,12312,5,
,09:44:09,21568,21564,21567,12313,1,
,09:44:09,21568,21564,21567,12318,5,
,09:44:10,21568,21564,21567,12319,1,
,09:44:10,21568,21564,21568,12328,9,
,09:44:11,21569,21564,21569,12329,1,
,09:44:11,21569,21564,21568,12332,3,
,09:44:12,21569,21564,21568,12333,1,
,09:44:12,21569,21564,21569,12334,1,
,09:44:13,21569,21564,21569,12336,2,
,09:44:13,21570,21564,21570,12339,3,
,09:44:14,21570,21564,21569,12340,1,
,09:44:15,21570,21564,21569,12341,1,
,09:44:16,21570,21564,21570,12356,15,
,09:44:18,21570,21564,21570,12356,15,
,09:44:18,21571,21564,21571,12357,1,
,09:44:19,21571,21564,21571,12357,1,
,09:44:20,21571,21564,21571,12357,1,
,09:44:21,21571,21564,21570,12358,1,
,09:44:21,21571,21564,21570,12359,1,
,09:44:22,21571,21564,21570,12360,1,
,09:44:22,21574,21564,21572,12379,19,
,09:44:23,21574,21564,21572,12379,19,
,09:44:23,21574,21564,21570,12386,7,
,09:44:24,21574,21564,21570,12386,7,
,09:44:24,21574,21564,21570,12388,2,
,09:44:25,21574,21564,21571,12389,1,
,09:44:25,21574,21564,21571,12390,1,
,09:44:26,21574,21564,21571,12391,1,
,09:44:26,21574,21564,21571,12391,1,
,09:44:27,21574,21564,21571,12391,1,
,09:44:28,21574,21564,21571,12392,1,
,09:44:29,21574,21564,21571,12393,1,
,09:44:30,21574,21564,21570,12395,2,
,09:44:31,21574,21564,21570,12395,2,
,09:44:32,21574,21564,21569,12396,1,
,09:44:33,21574,21564,21569,12407,11,
,09:44:34,21574,21564,21570,12411,4,
,09:44:35,21574,21564,21569,12412,1,
,09:44:36,21574,21564,21569,12412,1,
,09:44:37,21574,21564,21569,12412,1,
,09:44:37,21575,21564,21575,12441,29,
,09:44:38,21580,21564,21579,12460,19,
,09:44:39,21580,21564,21580,12461,1,
,09:44:39,21581,21564,21581,12471,10,
,09:44:40,21582,21564,21582,12474,3,
,09:44:40,21582,21564,21577,12500,26,
,09:44:41,21582,21564,21575,12501,1,
,09:44:41,21582,21564,21575,12503,2,
,09:44:42,21582,21564,21575,12503,2,
,09:44:42,21582,21564,21573,12511,8,
,09:44:43,21582,21564,21572,12517,6,
,09:44:44,21582,21564,21572,12517,6,
,09:44:44,21582,21564,21571,12519,2,
,09:44:45,21582,21564,21570,12520,1,
,09:44:45,21582,21564,21570,12524,4,
,09:44:46,21582,21564,21570,12525,1,
,09:44:47,21582,21564,21570,12525,1,
,09:44:47,21582,21564,21569,12531,6,
,09:44:48,21582,21564,21569,12531,6,
,09:44:48,21582,21564,21569,12536,5,
,09:44:49,21582,21564,21569,12536,5,
,09:44:49,21582,21564,21571,12539,3,
,09:44:50,21582,21564,21571,12539,3,
,09:44:51,21582,21564,21571,12539,3,
,09:44:51,21582,21564,21572,12543,4,
,09:44:52,21582,21564,21571,12545,2,
,09:44:52,21582,21564,21570,12547,2,
,09:44:53,21582,21564,21570,12547,2,
,09:44:53,21582,21564,21571,12548,1,
,09:44:54,21582,21564,21571,12550,2,
,09:44:55,21582,21564,21571,12550,2,
,09:44:56,21582,21564,21570,12553,3,
,09:44:57,21582,21564,21570,12553,3,
,09:44:57,21582,21564,21569,12555,2,
,09:44:58,21582,21564,21569,12555,2,
,09:44:59,21582,21564,21571,12556,1,
,09:44:59,21582,21564,21575,12572,16,
,09:45:00,21575,21575,21575,12572,16,
,09:45:00,21576,21573,21575,12589,17,
,09:45:01,21576,21573,21574,12601,12,
,09:45:02,21576,21573,21574,12605,4,
,09:45:02,21576,21573,21575,12620,15,
,09:45:03,21576,21573,21575,12623,3,
,09:45:03,21576,21573,21576,12628,5,
,09:45:04,21576,21573,21576,12628,5,
,09:45:04,21576,21573,21575,12634,6,
,09:45:05,21576,21570,21571,12662,28,
,09:45:06,21576,21570,21571,12663,1,
,09:45:06,21576,21570,21573,12667,4,
,09:45:07,21576,21570,21574,12668,1,
,09:45:08,21576,21570,21574,12668,1,
,09:45:08,21576,21570,21574,12673,5,
,09:45:09,21576,21570,21574,12673,5,
,09:45:09,21576,21570,21571,12680,7,
,09:45:10,21576,21569,21569,12688,8,
,09:45:11,21576,21569,21569,12688,8,
,09:45:11,21576,21569,21572,12690,2,
,09:45:12,21576,21569,21572,12702,12,
,09:45:13,21576,21569,21571,12703,1,
,09:45:13,21576,21567,21567,12713,10,
,09:45:14,21576,21566,21567,12721,8,
,09:45:15,21576,21566,21566,12722,1,
,09:45:15,21576,21564,21564,12746,24,
,09:45:16,21576,21564,21564,12746,24,
,09:45:16,21576,21563,21563,12754,8,
,09:45:17,21576,21563,21563,12754,8,
,09:45:17,21576,21563,21564,12761,7,
,09:45:18,21576,21560,21560,12798,37,
,09:45:19,21576,21560,21561,12799,1,
,09:45:19,21576,21560,21561,12808,9,
